|j|☆N0nf3e
|j|☆pukeko_damn
|t:|1772750235
|gametype|singles
|player|p1|N0nf3e|102|1412
|player|p2|pukeko_damn|fisherman-gen4|1446
|gen|9
|tier|[Gen 9] Random Battle
|rated|
|rule|Species Clause: Limit one of each Pokémon
|rule|HP Percentage Mod: HP is shown in percentages
|rule|Sleep Clause Mod: Limit one foe put to sleep
|rule|Illusion Level Mod: Illusion disguises the Pokémon's true level
|
|t:|1772750235
|teamsize|p1|6
|teamsize|p2|6
|start
|switch|p1a: Basculegion|Basculegion-F, L83, F|335/335
|switch|p2a: Scream Tail|Scream Tail, L84|330/330
|turn|1
|inactive|Battle timer is ON: inactive players will automatically lose when time's up. (requested by pukeko_damn)
|
|t:|1772750244
|move|p2a: Scream Tail|Protect|p2a: Scream Tail
|-singleturn|p2a: Scream Tail|Protect
|move|p1a: Basculegion|Flip Turn|p2a: Scream Tail
|-activate|p2a: Scream Tail|move: Protect
|
|upkeep
|turn|2
|
|t:|1772750252
|move|p2a: Scream Tail|Dazzling Gleam|p1a: Basculegion
|-damage|p1a: Basculegion|257/335
|move|p1a: Basculegion|Flip Turn|p2a: Scream Tail
|-damage|p2a: Scream Tail|258/330
|
|t:|1772750267
|switch|p1a: Smeargle|Smeargle, L95, M|258/258|[from] Flip Turn
|
|-heal|p2a: Scream Tail|278/330|[from] item: Leftovers
|upkeep
|turn|3
|
|t:|1772750279
|move|p2a: Scream Tail|Protect|p2a: Scream Tail
|-singleturn|p2a: Scream Tail|Protect
|move|p1a: Smeargle|Sticky Web|p2a: Scream Tail
|-sidestart|p2: pukeko_damn|move: Sticky Web
|
|-heal|p2a: Scream Tail|298/330|[from] item: Leftovers
|upkeep
|turn|4
|
|t:|1772750294
|switch|p1a: Basculegion|Basculegion-F, L83, F|257/335
|move|p2a: Scream Tail|Encore||[still]
|-fail|p2a: Scream Tail
|
|-heal|p2a: Scream Tail|318/330|[from] item: Leftovers
|upkeep
|turn|5
|
|t:|1772750300
|move|p2a: Scream Tail|Protect|p2a: Scream Tail
|-singleturn|p2a: Scream Tail|Protect
|move|p1a: Basculegion|Shadow Ball|p2a: Scream Tail
|-activate|p2a: Scream Tail|move: Protect
|
|-heal|p2a: Scream Tail|330/330|[from] item: Leftovers
|upkeep
|turn|6
|
|t:|1772750306
|-end|p2a: Scream Tail|Protosynthesis|[silent]
|switch|p2a: Noctowl|Noctowl, L95, M|344/344
|move|p1a: Basculegion|Shadow Ball|p2a: Noctowl
|-immune|p2a: Noctowl
|
|upkeep
|turn|7
|
|t:|1772750315
|switch|p1a: Smeargle|Smeargle, L95, M|258/258
|move|p2a: Noctowl|Calm Mind|p2a: Noctowl
|-boost|p2a: Noctowl|spa|1
|-boost|p2a: Noctowl|spd|1
|
|upkeep
|turn|8
|
|t:|1772750319
|switch|p2a: Scream Tail|Scream Tail, L84|330/330
|-activate|p2a: Scream Tail|move: Sticky Web
|-unboost|p2a: Scream Tail|spe|1
|move|p1a: Smeargle|Stealth Rock|p2a: Scream Tail
|-sidestart|p2: pukeko_damn|move: Stealth Rock
|
|upkeep
|turn|9
|
|t:|1772750326
|move|p1a: Smeargle|Spore|p2a: Scream Tail
|-status|p2a: Scream Tail|slp|[from] move: Spore
|cant|p2a: Scream Tail|slp
|
|upkeep
|turn|10
|
|t:|1772750334
|-end|p2a: Scream Tail|Protosynthesis|[silent]
|switch|p2a: Malamar|Malamar, L82, F|275/275
|-activate|p2a: Malamar|move: Sticky Web
|-boost|p2a: Malamar|spe|1
|-damage|p2a: Malamar|241/275|[from] Stealth Rock
|move|p1a: Smeargle|Ceaseless Edge|p2a: Malamar
|-damage|p2a: Malamar|216/275
|-sidestart|p2: pukeko_damn|Spikes
|
|-heal|p2a: Malamar|233/275|[from] item: Leftovers
|upkeep
|turn|11
|
|t:|1772750345
|switch|p1a: Basculegion|Basculegion-F, L83, F|257/335
|move|p2a: Malamar|Superpower|p1a: Basculegion
|-immune|p1a: Basculegion
|
|-heal|p2a: Malamar|250/275|[from] item: Leftovers
|upkeep
|turn|12
|
|t:|1772750351
|move|p2a: Malamar|Knock Off|p1a: Basculegion
|-supereffective|p1a: Basculegion
|-damage|p1a: Basculegion|27/335
|-enditem|p1a: Basculegion|Choice Specs|[from] move: Knock Off|[of] p2a: Malamar
|move|p1a: Basculegion|Shadow Ball|p2a: Malamar
|-damage|p2a: Malamar|118/275
|
|-heal|p2a: Malamar|135/275|[from] item: Leftovers
|upkeep
|turn|13
|
|t:|1772750365
|move|p2a: Malamar|Knock Off|p1a: Basculegion
|-supereffective|p1a: Basculegion
|-damage|p1a: Basculegion|0 fnt
|faint|p1a: Basculegion
|
|-heal|p2a: Malamar|152/275|[from] item: Leftovers
|upkeep
|
|t:|1772750370
|switch|p1a: Lokix|Lokix, L82, F|251/251
|turn|14
|
|t:|1772750377
|-terastallize|p2a: Malamar|Fighting
|move|p1a: Lokix|First Impression|p2a: Malamar
|-resisted|p2a: Malamar
|-damage|p2a: Malamar|44/275
|move|p2a: Malamar|Superpower|p1a: Lokix
|-damage|p1a: Lokix|110/251
|-boost|p2a: Malamar|atk|1
|-boost|p2a: Malamar|def|1
|
|-heal|p2a: Malamar|61/275|[from] item: Leftovers
|upkeep
|turn|15
|
|t:|1772750394
|move|p2a: Malamar|Rest|p2a: Malamar
|-status|p2a: Malamar|slp|[from] move: Rest
|-heal|p2a: Malamar|275/275 slp|[silent]
|move|p1a: Lokix|Knock Off|p2a: Malamar
|-resisted|p2a: Malamar
|-damage|p2a: Malamar|209/275 slp
|-enditem|p2a: Malamar|Leftovers|[from] move: Knock Off|[of] p1a: Lokix
|
|upkeep
|turn|16
|
|t:|1772750400
|cant|p2a: Malamar|slp
|move|p2a: Malamar|Sleep Talk|p2a: Malamar
|move|p2a: Malamar|Rest||[from] move: Sleep Talk|[still]
|-fail|p2a: Malamar
|move|p1a: Lokix|U-turn|p2a: Malamar
|-resisted|p2a: Malamar
|-damage|p2a: Malamar|155/275 slp
|inactive|N0nf3e has 120 seconds left.
|
|t:|1772750433
|switch|p1a: Frosmoth|Frosmoth, L82, F|249/249|[from] U-turn
|
|upkeep
|turn|17
|inactive|N0nf3e has 120 seconds left.
|
|t:|1772750439
|cant|p2a: Malamar|slp
|move|p2a: Malamar|Sleep Talk|p2a: Malamar
|move|p2a: Malamar|Knock Off|p1a: Frosmoth|[from] move: Sleep Talk
|-damage|p1a: Frosmoth|53/249
|-enditem|p1a: Frosmoth|Heavy-Duty Boots|[from] move: Knock Off|[of] p2a: Malamar
|move|p1a: Frosmoth|Hurricane|p2a: Malamar
|-supereffective|p2a: Malamar
|-damage|p2a: Malamar|0 fnt
|faint|p2a: Malamar
|
|upkeep
|
|t:|1772750451
|switch|p2a: Magearna|Magearna-Original, L77|250/250
|-activate|p2a: Magearna|move: Sticky Web
|-unboost|p2a: Magearna|spe|1
|-damage|p2a: Magearna|235/250|[from] Stealth Rock
|-damage|p2a: Magearna|204/250|[from] Spikes
|turn|18
|
|t:|1772750460
|move|p1a: Frosmoth|Hurricane|p2a: Magearna|[miss]
|-miss|p1a: Frosmoth|p2a: Magearna
|move|p2a: Magearna|Shift Gear|p2a: Magearna
|-boost|p2a: Magearna|spe|2
|-boost|p2a: Magearna|atk|1
|
|-heal|p2a: Magearna|219/250|[from] item: Leftovers
|upkeep
|turn|19
|
|t:|1772750475
|move|p2a: Magearna|Calm Mind|p2a: Magearna
|-boost|p2a: Magearna|spa|1
|-boost|p2a: Magearna|spd|1
|move|p1a: Frosmoth|Ice Beam|p2a: Magearna
|-resisted|p2a: Magearna
|-damage|p2a: Magearna|189/250
|
|-heal|p2a: Magearna|204/250|[from] item: Leftovers
|upkeep
|turn|20
|inactive|N0nf3e has 120 seconds left.
|
|t:|1772750516
|switch|p1a: Lokix|Lokix, L82, F|110/251
|move|p2a: Magearna|Shift Gear|p2a: Magearna
|-boost|p2a: Magearna|spe|2
|-boost|p2a: Magearna|atk|1
|
|-heal|p2a: Magearna|219/250|[from] item: Leftovers
|upkeep
|turn|21
|
|t:|1772750520
|move|p1a: Lokix|First Impression|p2a: Magearna
|-resisted|p2a: Magearna
|-damage|p2a: Magearna|171/250
|move|p2a: Magearna|Calm Mind|p2a: Magearna
|-boost|p2a: Magearna|spa|1
|-boost|p2a: Magearna|spd|1
|
|-heal|p2a: Magearna|186/250|[from] item: Leftovers
|upkeep
|turn|22
|
|t:|1772750529
|move|p1a: Lokix|First Impression||[still]
|-hint|First Impression only works on your first turn out.
|-fail|p1a: Lokix
|move|p2a: Magearna|Flash Cannon|p1a: Lokix
|-damage|p1a: Lokix|0 fnt
|faint|p1a: Lokix
|-ability|p2a: Magearna|Soul-Heart|boost
|-boost|p2a: Magearna|spa|1
|
|-heal|p2a: Magearna|201/250|[from] item: Leftovers
|upkeep
|inactive|N0nf3e has 90 seconds left.
|
|t:|1772750561
|switch|p1a: Vigoroth|Vigoroth, L85, M|275/275
|turn|23
|
|t:|1772750567
|-terastallize|p1a: Vigoroth|Ground
|move|p2a: Magearna|Fleur Cannon|p1a: Vigoroth
|-damage|p1a: Vigoroth|0 fnt
|-unboost|p2a: Magearna|spa|2
|faint|p1a: Vigoroth
|-ability|p2a: Magearna|Soul-Heart|boost
|-boost|p2a: Magearna|spa|1
|
|-heal|p2a: Magearna|216/250|[from] item: Leftovers
|upkeep
|
|t:|1772750570
|switch|p1a: Smeargle|Smeargle, L95, M|258/258
|turn|24
|
|t:|1772750575
|move|p2a: Magearna|Fleur Cannon|p1a: Smeargle|[miss]
|-miss|p2a: Magearna|p1a: Smeargle
|move|p1a: Smeargle|Ceaseless Edge|p2a: Magearna
|-resisted|p2a: Magearna
|-damage|p2a: Magearna|206/250
|-sidestart|p2: pukeko_damn|Spikes
|
|-heal|p2a: Magearna|221/250|[from] item: Leftovers
|upkeep
|turn|25
|
|t:|1772750577
|move|p2a: Magearna|Calm Mind|p2a: Magearna
|-boost|p2a: Magearna|spa|1
|-boost|p2a: Magearna|spd|1
|move|p1a: Smeargle|Ceaseless Edge|p2a: Magearna
|-resisted|p2a: Magearna
|-damage|p2a: Magearna|211/250
|-sidestart|p2: pukeko_damn|Spikes
|
|-heal|p2a: Magearna|226/250|[from] item: Leftovers
|upkeep
|turn|26
|
|t:|1772750580
|move|p2a: Magearna|Fleur Cannon|p1a: Smeargle
|-enditem|p1a: Smeargle|Focus Sash
|-damage|p1a: Smeargle|1/258
|-unboost|p2a: Magearna|spa|2
|move|p1a: Smeargle|Ceaseless Edge|p2a: Magearna
|-resisted|p2a: Magearna
|-damage|p2a: Magearna|215/250
|
|-heal|p2a: Magearna|230/250|[from] item: Leftovers
|upkeep
|turn|27
|
|t:|1772750583
|move|p2a: Magearna|Flash Cannon|p1a: Smeargle
|-damage|p1a: Smeargle|0 fnt
|faint|p1a: Smeargle
|-ability|p2a: Magearna|Soul-Heart|boost
|-boost|p2a: Magearna|spa|1
|
|-heal|p2a: Magearna|245/250|[from] item: Leftovers
|upkeep
|
|t:|1772750585
|switch|p1a: Sceptile|Sceptile, L87, F|264/264
|turn|28
|
|t:|1772750589
|move|p2a: Magearna|Calm Mind|p2a: Magearna
|-boost|p2a: Magearna|spa|1
|-boost|p2a: Magearna|spd|1
|move|p1a: Sceptile|Earthquake|p2a: Magearna
|-supereffective|p2a: Magearna
|-damage|p2a: Magearna|76/250
|-damage|p1a: Sceptile|238/264|[from] item: Life Orb
|
|-heal|p2a: Magearna|91/250|[from] item: Leftovers
|upkeep
|turn|29
|
|t:|1772750591
|move|p2a: Magearna|Fleur Cannon|p1a: Sceptile
|-damage|p1a: Sceptile|0 fnt
|-unboost|p2a: Magearna|spa|2
|faint|p1a: Sceptile
|-ability|p2a: Magearna|Soul-Heart|boost
|-boost|p2a: Magearna|spa|1
|
|-heal|p2a: Magearna|106/250|[from] item: Leftovers
|upkeep
|
|t:|1772750593
|switch|p1a: Frosmoth|Frosmoth, L82, F|53/249
|turn|30
|
|t:|1772750600
|move|p2a: Magearna|Flash Cannon|p1a: Frosmoth
|-supereffective|p1a: Frosmoth
|-damage|p1a: Frosmoth|0 fnt
|faint|p1a: Frosmoth
|
|win|pukeko_damn
|raw|N0nf3e's rating: 1412 &rarr; <strong>1394</strong><br />(-18 for losing)
|raw|pukeko_damn's rating: 1446 &rarr; <strong>1464</strong><br />(+18 for winning)
|c|☆pukeko_damn|gg
|l|☆N0nf3e
|player|p1|
