|j|☆TAC49
|j|☆MasterChef/99
|t:|1776970942
|gametype|singles
|player|p1|TAC49|brycenman|1475
|player|p2|MasterChef/99|blue|1502
|gen|9
|tier|[Gen 9] Random Battle
|rated|
|rule|Species Clause: Limit one of each Pokémon
|rule|HP Percentage Mod: HP is shown in percentages
|rule|Sleep Clause Mod: Limit one foe put to sleep
|rule|Illusion Level Mod: Illusion disguises the Pokémon's true level
|
|t:|1776970942
|teamsize|p1|6
|teamsize|p2|6
|start
|switch|p1a: Arbok|Arbok, L87, F|246/246
|switch|p2a: Squawkabilly|Squawkabilly-Blue, L85, F|278/278
|-ability|p1a: Arbok|Intimidate|boost
|-unboost|p2a: Squawkabilly|atk|1
|turn|1
|inactive|Battle timer is ON: inactive players will automatically lose when time's up. (requested by TAC49)
|
|t:|1776970946
|move|p2a: Squawkabilly|U-turn|p1a: Arbok
|-resisted|p1a: Arbok
|-damage|p1a: Arbok|228/246
|
|t:|1776970951
|switch|p2a: Luvdisc|Luvdisc, F|247/247|[from] U-turn
|move|p1a: Arbok|Gunk Shot|p2a: Luvdisc
|-damage|p2a: Luvdisc|48/247
|-damage|p1a: Arbok|204/246|[from] item: Life Orb
|
|upkeep
|turn|2
|
|t:|1776970956
|switch|p2a: Squawkabilly|Squawkabilly-Blue, L85, F|278/278
|move|p1a: Arbok|Knock Off|p2a: Squawkabilly
|-damage|p2a: Squawkabilly|151/278
|-enditem|p2a: Squawkabilly|Flame Orb|[from] move: Knock Off|[of] p1a: Arbok
|-damage|p1a: Arbok|180/246|[from] item: Life Orb
|
|upkeep
|turn|3
|
|t:|1776970961
|move|p2a: Squawkabilly|Facade|p1a: Arbok
|-damage|p1a: Arbok|93/246
|move|p1a: Arbok|Gunk Shot|p2a: Squawkabilly|[miss]
|-miss|p1a: Arbok|p2a: Squawkabilly
|
|upkeep
|turn|4
|
|t:|1776970963
|move|p2a: Squawkabilly|Brave Bird|p1a: Arbok
|-damage|p1a: Arbok|0 fnt
|faint|p1a: Arbok
|-damage|p2a: Squawkabilly|120/278|[from] Recoil
|
|upkeep
|
|t:|1776970968
|switch|p1a: Kleavor|Kleavor, L78, F|237/237
|turn|5
|
|t:|1776970973
|move|p2a: Squawkabilly|Brave Bird|p1a: Kleavor
|-damage|p1a: Kleavor|99/237
|-damage|p2a: Squawkabilly|74/278|[from] Recoil
|move|p1a: Kleavor|Stone Axe|p2a: Squawkabilly
|-supereffective|p2a: Squawkabilly
|-damage|p2a: Squawkabilly|0 fnt
|-sidestart|p2: MasterChef/99|move: Stealth Rock
|faint|p2a: Squawkabilly
|
|upkeep
|
|t:|1776970976
|switch|p2a: Luvdisc|Luvdisc, F|48/247
|turn|6
|
|t:|1776970978
|move|p2a: Luvdisc|Surf|p1a: Kleavor
|-supereffective|p1a: Kleavor
|-damage|p1a: Kleavor|0 fnt
|faint|p1a: Kleavor
|
|upkeep
|
|t:|1776970986
|switch|p1a: Raikou|Raikou, L81|278/278
|-ability|p1a: Raikou|Pressure
|turn|7
|
|t:|1776970995
|move|p2a: Luvdisc|Endeavor|p1a: Raikou
|-damage|p1a: Raikou|48/278
|move|p1a: Raikou|Thunderbolt|p2a: Luvdisc
|-supereffective|p2a: Luvdisc
|-damage|p2a: Luvdisc|0 fnt
|faint|p2a: Luvdisc
|
|upkeep
|
|t:|1776971005
|switch|p2a: Scovillain|Scovillain, L91, M|266/266
|-damage|p2a: Scovillain|200/266|[from] Stealth Rock
|turn|8
|
|t:|1776971010
|switch|p1a: Blissey|Blissey, L85, F|572/572
|move|p2a: Scovillain|Substitute|p2a: Scovillain
|-start|p2a: Scovillain|Substitute
|-damage|p2a: Scovillain|134/266
|
|-heal|p2a: Scovillain|150/266|[from] item: Leftovers
|upkeep
|turn|9
|
|t:|1776971024
|move|p2a: Scovillain|Leech Seed|p1a: Blissey
|-start|p1a: Blissey|move: Leech Seed
|move|p1a: Blissey|Seismic Toss|p2a: Scovillain
|-end|p2a: Scovillain|Substitute
|
|-heal|p2a: Scovillain|166/266|[from] item: Leftovers
|-damage|p1a: Blissey|501/572|[from] Leech Seed|[of] p2a: Scovillain
|-heal|p2a: Scovillain|237/266|[silent]
|upkeep
|turn|10
|
|t:|1776971028
|move|p2a: Scovillain|Substitute|p2a: Scovillain
|-start|p2a: Scovillain|Substitute
|-damage|p2a: Scovillain|171/266
|move|p1a: Blissey|Seismic Toss|p2a: Scovillain
|-end|p2a: Scovillain|Substitute
|
|-heal|p2a: Scovillain|187/266|[from] item: Leftovers
|-heal|p1a: Blissey|536/572|[from] item: Leftovers
|-damage|p1a: Blissey|465/572|[from] Leech Seed|[of] p2a: Scovillain
|-heal|p2a: Scovillain|258/266|[silent]
|upkeep
|turn|11
|
|t:|1776971043
|move|p2a: Scovillain|Protect|p2a: Scovillain
|-singleturn|p2a: Scovillain|Protect
|move|p1a: Blissey|Seismic Toss|p2a: Scovillain
|-activate|p2a: Scovillain|move: Protect
|
|-heal|p2a: Scovillain|266/266|[from] item: Leftovers
|-heal|p1a: Blissey|500/572|[from] item: Leftovers
|-damage|p1a: Blissey|429/572|[from] Leech Seed|[of] p2a: Scovillain
|upkeep
|turn|12
|
|t:|1776971064
|move|p2a: Scovillain|Substitute|p2a: Scovillain
|-start|p2a: Scovillain|Substitute
|-damage|p2a: Scovillain|200/266
|move|p1a: Blissey|Seismic Toss|p2a: Scovillain
|-end|p2a: Scovillain|Substitute
|
|-heal|p2a: Scovillain|216/266|[from] item: Leftovers
|-heal|p1a: Blissey|464/572|[from] item: Leftovers
|-damage|p1a: Blissey|393/572|[from] Leech Seed|[of] p2a: Scovillain
|-heal|p2a: Scovillain|266/266|[silent]
|upkeep
|turn|13
|
|t:|1776971073
|move|p2a: Scovillain|Protect|p2a: Scovillain
|-singleturn|p2a: Scovillain|Protect
|move|p1a: Blissey|Seismic Toss|p2a: Scovillain
|-activate|p2a: Scovillain|move: Protect
|
|-heal|p1a: Blissey|428/572|[from] item: Leftovers
|-damage|p1a: Blissey|357/572|[from] Leech Seed|[of] p2a: Scovillain
|upkeep
|turn|14
|
|t:|1776971076
|move|p2a: Scovillain|Substitute|p2a: Scovillain
|-start|p2a: Scovillain|Substitute
|-damage|p2a: Scovillain|200/266
|move|p1a: Blissey|Seismic Toss|p2a: Scovillain
|-end|p2a: Scovillain|Substitute
|
|-heal|p2a: Scovillain|216/266|[from] item: Leftovers
|-heal|p1a: Blissey|392/572|[from] item: Leftovers
|-damage|p1a: Blissey|321/572|[from] Leech Seed|[of] p2a: Scovillain
|-heal|p2a: Scovillain|266/266|[silent]
|upkeep
|turn|15
|
|t:|1776971088
|move|p2a: Scovillain|Substitute|p2a: Scovillain
|-start|p2a: Scovillain|Substitute
|-damage|p2a: Scovillain|200/266
|move|p1a: Blissey|Soft-Boiled|p1a: Blissey
|-heal|p1a: Blissey|572/572
|
|-heal|p2a: Scovillain|216/266|[from] item: Leftovers
|-damage|p1a: Blissey|501/572|[from] Leech Seed|[of] p2a: Scovillain
|-heal|p2a: Scovillain|266/266|[silent]
|upkeep
|turn|16
|
|t:|1776971089
|move|p2a: Scovillain|Protect|p2a: Scovillain
|-singleturn|p2a: Scovillain|Protect
|move|p1a: Blissey|Seismic Toss|p2a: Scovillain
|-activate|p2a: Scovillain|move: Protect
|
|-heal|p1a: Blissey|536/572|[from] item: Leftovers
|-damage|p1a: Blissey|465/572|[from] Leech Seed|[of] p2a: Scovillain
|upkeep
|turn|17
|
|t:|1776971092
|move|p2a: Scovillain|Flamethrower|p1a: Blissey
|-damage|p1a: Blissey|374/572
|move|p1a: Blissey|Seismic Toss|p2a: Scovillain
|-end|p2a: Scovillain|Substitute
|
|-heal|p1a: Blissey|409/572|[from] item: Leftovers
|-damage|p1a: Blissey|338/572|[from] Leech Seed|[of] p2a: Scovillain
|upkeep
|turn|18
|
|t:|1776971099
|move|p2a: Scovillain|Flamethrower|p1a: Blissey
|-damage|p1a: Blissey|259/572
|-status|p1a: Blissey|brn
|move|p1a: Blissey|Seismic Toss|p2a: Scovillain
|-damage|p2a: Scovillain|181/266
|
|-heal|p2a: Scovillain|197/266|[from] item: Leftovers
|-heal|p1a: Blissey|294/572 brn|[from] item: Leftovers
|-damage|p1a: Blissey|223/572 brn|[from] Leech Seed|[of] p2a: Scovillain
|-heal|p2a: Scovillain|266/266|[silent]
|-damage|p1a: Blissey|188/572 brn|[from] brn
|upkeep
|turn|19
|
|t:|1776971109
|move|p2a: Scovillain|Substitute|p2a: Scovillain
|-start|p2a: Scovillain|Substitute
|-damage|p2a: Scovillain|200/266
|move|p1a: Blissey|Soft-Boiled|p1a: Blissey
|-heal|p1a: Blissey|474/572 brn
|
|-heal|p2a: Scovillain|216/266|[from] item: Leftovers
|-heal|p1a: Blissey|509/572 brn|[from] item: Leftovers
|-damage|p1a: Blissey|438/572 brn|[from] Leech Seed|[of] p2a: Scovillain
|-heal|p2a: Scovillain|266/266|[silent]
|-damage|p1a: Blissey|403/572 brn|[from] brn
|upkeep
|turn|20
|
|t:|1776971111
|move|p2a: Scovillain|Protect|p2a: Scovillain
|-singleturn|p2a: Scovillain|Protect
|move|p1a: Blissey|Seismic Toss|p2a: Scovillain
|-activate|p2a: Scovillain|move: Protect
|
|-heal|p1a: Blissey|438/572 brn|[from] item: Leftovers
|-damage|p1a: Blissey|367/572 brn|[from] Leech Seed|[of] p2a: Scovillain
|-damage|p1a: Blissey|332/572 brn|[from] brn
|upkeep
|turn|21
|
|t:|1776971114
|move|p2a: Scovillain|Flamethrower|p1a: Blissey
|-damage|p1a: Blissey|251/572 brn
|move|p1a: Blissey|Seismic Toss|p2a: Scovillain
|-end|p2a: Scovillain|Substitute
|
|-heal|p1a: Blissey|286/572 brn|[from] item: Leftovers
|-damage|p1a: Blissey|215/572 brn|[from] Leech Seed|[of] p2a: Scovillain
|-damage|p1a: Blissey|180/572 brn|[from] brn
|upkeep
|turn|22
|
|t:|1776971117
|move|p2a: Scovillain|Substitute|p2a: Scovillain
|-start|p2a: Scovillain|Substitute
|-damage|p2a: Scovillain|200/266
|move|p1a: Blissey|Soft-Boiled|p1a: Blissey
|-heal|p1a: Blissey|466/572 brn
|
|-heal|p2a: Scovillain|216/266|[from] item: Leftovers
|-heal|p1a: Blissey|501/572 brn|[from] item: Leftovers
|-damage|p1a: Blissey|430/572 brn|[from] Leech Seed|[of] p2a: Scovillain
|-heal|p2a: Scovillain|266/266|[silent]
|-damage|p1a: Blissey|395/572 brn|[from] brn
|upkeep
|turn|23
|
|t:|1776971123
|-curestatus|p1a: Blissey|brn|[from] ability: Natural Cure
|switch|p1a: Bruxish|Bruxish, L85, F|254/254
|move|p2a: Scovillain|Protect||[still]
|-fail|p2a: Scovillain
|
|upkeep
|turn|24
|
|t:|1776971133
|move|p1a: Bruxish|Flip Turn|p2a: Scovillain
|-end|p2a: Scovillain|Substitute
|
|t:|1776971136
|switch|p1a: Appletun|Appletun, L92, F|352/352|[from] Flip Turn
|move|p2a: Scovillain|Leech Seed|p1a: Appletun
|-immune|p1a: Appletun
|
|upkeep
|turn|25
|
|t:|1776971143
|move|p2a: Scovillain|Protect|p2a: Scovillain
|-singleturn|p2a: Scovillain|Protect
|move|p1a: Appletun|Dragon Pulse|p2a: Scovillain
|-activate|p2a: Scovillain|move: Protect
|
|upkeep
|turn|26
|
|t:|1776971147
|switch|p2a: Gholdengo|Gholdengo, L77|261/261
|-damage|p2a: Gholdengo|245/261|[from] Stealth Rock
|move|p1a: Appletun|Dragon Tail|p2a: Gholdengo
|-resisted|p2a: Gholdengo
|-damage|p2a: Gholdengo|211/261
|drag|p2a: Scovillain|Scovillain, L91, M|266/266
|-damage|p2a: Scovillain|200/266|[from] Stealth Rock
|
|-heal|p2a: Scovillain|216/266|[from] item: Leftovers
|upkeep
|turn|27
|
|t:|1776971153
|switch|p2a: Gholdengo|Gholdengo, L77|211/261
|-damage|p2a: Gholdengo|195/261|[from] Stealth Rock
|move|p1a: Appletun|Apple Acid|p2a: Gholdengo
|-resisted|p2a: Gholdengo
|-damage|p2a: Gholdengo|136/261
|-unboost|p2a: Gholdengo|spd|1
|
|-heal|p2a: Gholdengo|152/261|[from] item: Leftovers
|upkeep
|turn|28
|
|t:|1776971156
|move|p2a: Gholdengo|Thunder Wave|p1a: Appletun
|-status|p1a: Appletun|par
|cant|p1a: Appletun|par
|
|-heal|p2a: Gholdengo|168/261|[from] item: Leftovers
|upkeep
|turn|29
|
|t:|1776971167
|switch|p2a: Raging Bolt|Raging Bolt, L78|323/323
|-damage|p2a: Raging Bolt|283/323|[from] Stealth Rock
|move|p1a: Appletun|Dragon Pulse|p2a: Raging Bolt
|-supereffective|p2a: Raging Bolt
|-damage|p2a: Raging Bolt|137/323
|
|upkeep
|turn|30
|
|t:|1776971173
|move|p2a: Raging Bolt|Draco Meteor|p1a: Appletun|[miss]
|-miss|p2a: Raging Bolt|p1a: Appletun
|move|p1a: Appletun|Dragon Pulse|p2a: Raging Bolt
|-supereffective|p2a: Raging Bolt
|-damage|p2a: Raging Bolt|0 fnt
|faint|p2a: Raging Bolt
|-end|p2a: Raging Bolt|Protosynthesis|[silent]
|
|upkeep
|
|t:|1776971180
|switch|p2a: Gholdengo|Gholdengo, L77|168/261
|-damage|p2a: Gholdengo|152/261|[from] Stealth Rock
|turn|31
|
|t:|1776971183
|switch|p1a: Blissey|Blissey, L85, F|395/572
|move|p2a: Gholdengo|Shadow Ball|p1a: Blissey
|-immune|p1a: Blissey
|
|-heal|p2a: Gholdengo|168/261|[from] item: Leftovers
|-heal|p1a: Blissey|430/572|[from] item: Leftovers
|upkeep
|turn|32
|
|t:|1776971202
|move|p2a: Gholdengo|Shadow Ball|p1a: Blissey
|-immune|p1a: Blissey
|move|p1a: Blissey|Heal Bell|p1a: Blissey
|-activate|p1a: Blissey|move: Heal Bell
|-curestatus|p1: Appletun|par|[msg]
|
|-heal|p2a: Gholdengo|184/261|[from] item: Leftovers
|-heal|p1a: Blissey|465/572|[from] item: Leftovers
|upkeep
|turn|33
|
|t:|1776971213
|switch|p1a: Raikou|Raikou, L81|48/278
|-ability|p1a: Raikou|Pressure
|move|p2a: Gholdengo|Thunder Wave|p1a: Raikou
|-immune|p1a: Raikou
|
|-heal|p2a: Gholdengo|200/261|[from] item: Leftovers
|upkeep
|turn|34
|
|t:|1776971222
|move|p1a: Raikou|Shadow Ball|p2a: Gholdengo
|-supereffective|p2a: Gholdengo
|-damage|p2a: Gholdengo|12/261
|-unboost|p2a: Gholdengo|spd|1
|move|p2a: Gholdengo|Shadow Ball|p1a: Raikou
|-damage|p1a: Raikou|0 fnt
|faint|p1a: Raikou
|
|-heal|p2a: Gholdengo|28/261|[from] item: Leftovers
|upkeep
|
|t:|1776971227
|switch|p1a: Bruxish|Bruxish, L85, F|254/254
|turn|35
|
|t:|1776971232
|move|p1a: Bruxish|Psychic Fangs|p2a: Gholdengo
|-resisted|p2a: Gholdengo
|-damage|p2a: Gholdengo|0 fnt
|faint|p2a: Gholdengo
|
|upkeep
|
|t:|1776971237
|switch|p2a: Scovillain|Scovillain, L91, M|216/266
|-damage|p2a: Scovillain|150/266|[from] Stealth Rock
|turn|36
|
|t:|1776971239
|move|p1a: Bruxish|Psychic Fangs|p2a: Scovillain
|-crit|p2a: Scovillain
|-damage|p2a: Scovillain|0 fnt
|faint|p2a: Scovillain
|
|upkeep
|
|t:|1776971253
|switch|p2a: Frosmoth|Frosmoth, L82, M|249/249
|turn|37
|
|t:|1776971256
|move|p1a: Bruxish|Psychic Fangs|p2a: Frosmoth
|-damage|p2a: Frosmoth|0 fnt
|faint|p2a: Frosmoth
|
|win|TAC49
|raw|TAC49's rating: 1475 &rarr; <strong>1494</strong><br />(+19 for winning)
|raw|MasterChef&#x2f;99's rating: 1466 &rarr; <strong>1447</strong><br />(-19 for losing)
