|j|☆sav09
|j|☆zachary dane
|t:|1776984765
|gametype|singles
|player|p1|sav09|169|1476
|player|p2|zachary dane|cheryl|1457
|gen|9
|tier|[Gen 9] Random Battle
|rated|
|rule|Species Clause: Limit one of each Pokémon
|rule|HP Percentage Mod: HP is shown in percentages
|rule|Sleep Clause Mod: Limit one foe put to sleep
|rule|Illusion Level Mod: Illusion disguises the Pokémon's true level
|
|t:|1776984765
|teamsize|p1|6
|teamsize|p2|6
|start
|switch|p1a: Iron Hands|Iron Hands, L79|373/373
|switch|p2a: Pikachu|Pikachu-Kalos, L93, M|216/216
|turn|1
|
|t:|1776984780
|move|p1a: Iron Hands|Fake Out|p2a: Pikachu
|-damage|p2a: Pikachu|161/216
|cant|p2a: Pikachu|flinch
|
|upkeep
|turn|2
|
|t:|1776984786
|move|p2a: Pikachu|Volt Switch|p1a: Iron Hands
|-resisted|p1a: Iron Hands
|-damage|p1a: Iron Hands|324/373
|
|t:|1776984790
|switch|p2a: Golurk|Golurk, L87|297/297|[from] Volt Switch
|move|p1a: Iron Hands|Drain Punch|p2a: Golurk
|-immune|p2a: Golurk
|
|upkeep
|turn|3
|
|t:|1776984804
|-end|p1a: Iron Hands|Quark Drive|[silent]
|switch|p1a: Corviknight|Corviknight, L80, M|288/288
|-ability|p1a: Corviknight|Pressure
|move|p2a: Golurk|Stealth Rock|p1a: Corviknight
|-sidestart|p1: sav09|move: Stealth Rock
|
|upkeep
|turn|4
|
|t:|1776984817
|move|p1a: Corviknight|Defog|p2a: Golurk
|-unboost|p2a: Golurk|evasion|1
|-sideend|p1: sav09|Stealth Rock|[from] move: Defog|[of] p1a: Corviknight
|move|p2a: Golurk|Poltergeist|p1a: Corviknight
|-activate|p1a: Corviknight|move: Poltergeist|Leftovers
|-damage|p1a: Corviknight|109/288
|-damage|p2a: Golurk|268/297|[from] item: Life Orb
|
|-heal|p1a: Corviknight|127/288|[from] item: Leftovers
|upkeep
|turn|5
|
|t:|1776984839
|move|p1a: Corviknight|Brave Bird|p2a: Golurk
|-damage|p2a: Golurk|148/297
|-damage|p1a: Corviknight|87/288|[from] Recoil
|move|p2a: Golurk|Poltergeist|p1a: Corviknight
|-activate|p1a: Corviknight|move: Poltergeist|Leftovers
|-damage|p1a: Corviknight|0 fnt
|faint|p1a: Corviknight
|-damage|p2a: Golurk|119/297|[from] item: Life Orb
|
|upkeep
|
|t:|1776984859
|switch|p1a: Primarina|Primarina, L83, F|268/268
|turn|6
|
|t:|1776984874
|switch|p2a: Lugia|Lugia, L73|275/275
|move|p1a: Primarina|Psychic Noise|p2a: Lugia
|-damage|p2a: Lugia|239/275
|-start|p2a: Lugia|move: Heal Block
|
|upkeep
|turn|7
|
|t:|1776984891
|switch|p1a: Misdreavus|Misdreavus, L90, F|254/254
|move|p2a: Lugia|Calm Mind|p2a: Lugia
|-boost|p2a: Lugia|spa|1
|-boost|p2a: Lugia|spd|1
|
|-end|p2a: Lugia|move: Heal Block
|upkeep
|turn|8
|
|t:|1776984916
|move|p1a: Misdreavus|Calm Mind|p1a: Misdreavus
|-boost|p1a: Misdreavus|spa|1
|-boost|p1a: Misdreavus|spd|1
|move|p2a: Lugia|Calm Mind|p2a: Lugia
|-boost|p2a: Lugia|spa|1
|-boost|p2a: Lugia|spd|1
|
|upkeep
|turn|9
|
|t:|1776984927
|move|p1a: Misdreavus|Will-O-Wisp|p2a: Lugia
|-status|p2a: Lugia|brn
|move|p2a: Lugia|Recover|p2a: Lugia
|-heal|p2a: Lugia|275/275 brn
|
|-damage|p2a: Lugia|258/275 brn|[from] brn
|upkeep
|turn|10
|
|t:|1776984936
|move|p1a: Misdreavus|Shadow Ball|p2a: Lugia
|-supereffective|p2a: Lugia
|-damage|p2a: Lugia|162/275 brn
|move|p2a: Lugia|Aeroblast|p1a: Misdreavus
|-damage|p1a: Misdreavus|188/254
|
|-damage|p2a: Lugia|145/275 brn|[from] brn
|upkeep
|turn|11
|
|t:|1776984945
|move|p1a: Misdreavus|Shadow Ball|p2a: Lugia
|-supereffective|p2a: Lugia
|-damage|p2a: Lugia|49/275 brn
|move|p2a: Lugia|Aeroblast|p1a: Misdreavus
|-damage|p1a: Misdreavus|125/254
|
|-damage|p2a: Lugia|32/275 brn|[from] brn
|upkeep
|turn|12
|
|t:|1776984965
|move|p1a: Misdreavus|Shadow Ball|p2a: Lugia
|-supereffective|p2a: Lugia
|-damage|p2a: Lugia|0 fnt
|faint|p2a: Lugia
|
|upkeep
|
|t:|1776984968
|switch|p2a: Cinderace|Cinderace, L77, F|250/250
|turn|13
|
|t:|1776984982
|move|p2a: Cinderace|U-turn|p1a: Misdreavus
|-start|p2a: Cinderace|typechange|Bug|[from] ability: Libero
|-resisted|p1a: Misdreavus
|-damage|p1a: Misdreavus|95/254
|
|t:|1776984987
|switch|p2a: Arceus|Arceus, L68|276/276|[from] U-turn
|move|p1a: Misdreavus|Shadow Ball|p2a: Arceus
|-immune|p2a: Arceus
|
|upkeep
|turn|14
|
|t:|1776984998
|move|p1a: Misdreavus|Will-O-Wisp|p2a: Arceus
|-status|p2a: Arceus|brn
|move|p2a: Arceus|Swords Dance|p2a: Arceus
|-boost|p2a: Arceus|atk|2
|
|-damage|p2a: Arceus|259/276 brn|[from] brn
|upkeep
|turn|15
|
|t:|1776985010
|move|p1a: Misdreavus|Draining Kiss|p2a: Arceus
|-damage|p2a: Arceus|202/276 brn
|-heal|p1a: Misdreavus|138/254|[from] drain|[of] p2a: Arceus
|move|p2a: Arceus|Swords Dance|p2a: Arceus
|-boost|p2a: Arceus|atk|2
|
|-heal|p2a: Arceus|219/276 brn|[from] item: Leftovers
|-damage|p2a: Arceus|202/276 brn|[from] brn
|upkeep
|turn|16
|
|t:|1776985024
|move|p1a: Misdreavus|Draining Kiss|p2a: Arceus
|-damage|p2a: Arceus|146/276 brn
|-heal|p1a: Misdreavus|180/254|[from] drain|[of] p2a: Arceus
|move|p2a: Arceus|Swords Dance|p2a: Arceus
|-boost|p2a: Arceus|atk|2
|
|-heal|p2a: Arceus|163/276 brn|[from] item: Leftovers
|-damage|p2a: Arceus|146/276 brn|[from] brn
|upkeep
|turn|17
|
|t:|1776985038
|move|p1a: Misdreavus|Calm Mind|p1a: Misdreavus
|-boost|p1a: Misdreavus|spa|1
|-boost|p1a: Misdreavus|spd|1
|move|p2a: Arceus|Recover|p2a: Arceus
|-heal|p2a: Arceus|276/276 brn
|
|-damage|p2a: Arceus|259/276 brn|[from] brn
|upkeep
|turn|18
|
|t:|1776985047
|move|p1a: Misdreavus|Draining Kiss|p2a: Arceus
|-damage|p2a: Arceus|182/276 brn
|-heal|p1a: Misdreavus|238/254|[from] drain|[of] p2a: Arceus
|move|p2a: Arceus|Shadow Claw|p1a: Misdreavus
|-supereffective|p1a: Misdreavus
|-damage|p1a: Misdreavus|119/254
|
|-heal|p2a: Arceus|199/276 brn|[from] item: Leftovers
|-damage|p2a: Arceus|182/276 brn|[from] brn
|upkeep
|turn|19
|
|t:|1776985059
|move|p1a: Misdreavus|Draining Kiss|p2a: Arceus
|-damage|p2a: Arceus|110/276 brn
|-heal|p1a: Misdreavus|173/254|[from] drain|[of] p2a: Arceus
|move|p2a: Arceus|Shadow Claw|p1a: Misdreavus
|-supereffective|p1a: Misdreavus
|-crit|p1a: Misdreavus
|-damage|p1a: Misdreavus|0 fnt
|faint|p1a: Misdreavus
|
|-heal|p2a: Arceus|127/276 brn|[from] item: Leftovers
|-damage|p2a: Arceus|110/276 brn|[from] brn
|upkeep
|
|t:|1776985082
|switch|p1a: Iron Hands|Iron Hands, L79|324/373
|turn|20
|
|t:|1776985106
|-end|p1a: Iron Hands|Quark Drive|[silent]
|switch|p1a: Primarina|Primarina, L83, F|268/268
|-terastallize|p2a: Arceus|Ghost
|move|p2a: Arceus|Recover|p2a: Arceus
|-heal|p2a: Arceus|248/276 brn
|
|-heal|p2a: Arceus|265/276 brn|[from] item: Leftovers
|-damage|p2a: Arceus|248/276 brn|[from] brn
|upkeep
|turn|21
|
|t:|1776985126
|move|p2a: Arceus|Shadow Claw|p1a: Primarina
|-damage|p1a: Primarina|124/268
|move|p1a: Primarina|Psychic Noise|p2a: Arceus
|-damage|p2a: Arceus|160/276 brn
|-start|p2a: Arceus|move: Heal Block
|
|-heal|p1a: Primarina|140/268|[from] item: Leftovers
|-damage|p2a: Arceus|143/276 brn|[from] brn
|upkeep
|turn|22
|
|t:|1776985142
|move|p2a: Arceus|Extreme Speed|p1a: Primarina
|-damage|p1a: Primarina|0 fnt
|faint|p1a: Primarina
|
|-damage|p2a: Arceus|126/276 brn|[from] brn
|-end|p2a: Arceus|move: Heal Block
|upkeep
|
|t:|1776985153
|switch|p1a: Iron Hands|Iron Hands, L79|324/373
|turn|23
|
|t:|1776985164
|move|p2a: Arceus|Recover|p2a: Arceus
|-heal|p2a: Arceus|264/276 brn
|move|p1a: Iron Hands|Thunder Punch|p2a: Arceus
|-damage|p2a: Arceus|168/276 brn
|
|-heal|p2a: Arceus|185/276 brn|[from] item: Leftovers
|-damage|p2a: Arceus|168/276 brn|[from] brn
|upkeep
|turn|24
|
|t:|1776985176
|move|p2a: Arceus|Shadow Claw|p1a: Iron Hands
|-damage|p1a: Iron Hands|215/373
|move|p1a: Iron Hands|Thunder Punch|p2a: Arceus
|-damage|p2a: Arceus|74/276 brn
|
|-heal|p2a: Arceus|91/276 brn|[from] item: Leftovers
|-damage|p2a: Arceus|74/276 brn|[from] brn
|upkeep
|turn|25
|
|t:|1776985187
|move|p2a: Arceus|Recover|p2a: Arceus
|-heal|p2a: Arceus|212/276 brn
|move|p1a: Iron Hands|Thunder Punch|p2a: Arceus
|-damage|p2a: Arceus|113/276 brn
|
|-heal|p2a: Arceus|130/276 brn|[from] item: Leftovers
|-damage|p2a: Arceus|113/276 brn|[from] brn
|upkeep
|turn|26
|
|t:|1776985204
|move|p2a: Arceus|Shadow Claw|p1a: Iron Hands
|-damage|p1a: Iron Hands|118/373
|move|p1a: Iron Hands|Thunder Punch|p2a: Arceus
|-damage|p2a: Arceus|29/276 brn
|
|-heal|p2a: Arceus|46/276 brn|[from] item: Leftovers
|-damage|p2a: Arceus|29/276 brn|[from] brn
|upkeep
|turn|27
|
|t:|1776985214
|-end|p1a: Iron Hands|Quark Drive|[silent]
|switch|p1a: Lucario|Lucario, L84, F|255/255
|move|p2a: Arceus|Recover|p2a: Arceus
|-heal|p2a: Arceus|167/276 brn
|
|-heal|p2a: Arceus|184/276 brn|[from] item: Leftovers
|-damage|p2a: Arceus|167/276 brn|[from] brn
|upkeep
|turn|28
|
|t:|1776985229
|move|p2a: Arceus|Shadow Claw|p1a: Lucario
|-damage|p1a: Lucario|125/255
|move|p1a: Lucario|Meteor Mash|p2a: Arceus
|-damage|p2a: Arceus|23/276 brn
|
|-heal|p2a: Arceus|40/276 brn|[from] item: Leftovers
|-damage|p2a: Arceus|23/276 brn|[from] brn
|upkeep
|turn|29
|
|t:|1776985241
|move|p2a: Arceus|Extreme Speed|p1a: Lucario
|-resisted|p1a: Lucario
|-damage|p1a: Lucario|46/255
|move|p1a: Lucario|Meteor Mash|p2a: Arceus
|-damage|p2a: Arceus|0 fnt
|-boost|p1a: Lucario|atk|1
|faint|p2a: Arceus
|
|upkeep
|
|t:|1776985285
|switch|p2a: Minun|Minun, L95, M|268/268
|turn|30
|
|t:|1776985304
|switch|p1a: Iron Hands|Iron Hands, L79|118/373
|move|p2a: Minun|Alluring Voice|p1a: Iron Hands
|-supereffective|p1a: Iron Hands
|-damage|p1a: Iron Hands|0 fnt
|faint|p1a: Iron Hands
|-end|p1a: Iron Hands|Quark Drive|[silent]
|-damage|p2a: Minun|242/268|[from] item: Life Orb
|
|upkeep
|
|t:|1776985316
|switch|p1a: Slowking|Slowking, L88, M|310/310
|turn|31
|
|t:|1776985334
|-terastallize|p1a: Slowking|Fairy
|move|p2a: Minun|Nasty Plot|p2a: Minun
|-boost|p2a: Minun|spa|2
|move|p1a: Slowking|Future Sight|p2a: Minun
|-start|p1a: Slowking|move: Future Sight
|
|upkeep
|turn|32
|
|t:|1776985342
|move|p2a: Minun|Thunderbolt|p1a: Slowking
|-damage|p1a: Slowking|106/310
|-damage|p2a: Minun|216/268|[from] item: Life Orb
|move|p1a: Slowking|Scald|p2a: Minun
|-damage|p2a: Minun|129/268
|
|upkeep
|turn|33
|
|t:|1776985354
|move|p2a: Minun|Thunderbolt|p1a: Slowking
|-damage|p1a: Slowking|0 fnt
|faint|p1a: Slowking
|-damage|p2a: Minun|103/268|[from] item: Life Orb
|
|-end|p2a: Minun|move: Future Sight
|-damage|p2a: Minun|0 fnt
|faint|p2a: Minun
|upkeep
|-message|sav09 forfeited.
|
|win|zachary dane
|raw|sav09's rating: 1476 &rarr; <strong>1455</strong><br />(-21 for losing)
|raw|zachary dane's rating: 1457 &rarr; <strong>1478</strong><br />(+21 for winning)
|l|☆sav09
|player|p1|
