|j|☆joukion
|j|☆pukeko_damn
|t:|1772746039
|gametype|singles
|player|p1|joukion|mira|1458
|player|p2|pukeko_damn|fisherman-gen4|1465
|gen|9
|tier|[Gen 9] Random Battle
|rated|
|rule|Species Clause: Limit one of each Pokémon
|rule|HP Percentage Mod: HP is shown in percentages
|rule|Sleep Clause Mod: Limit one foe put to sleep
|rule|Illusion Level Mod: Illusion disguises the Pokémon's true level
|
|t:|1772746039
|teamsize|p1|6
|teamsize|p2|6
|start
|switch|p1a: Regirock|Regirock, L83|268/268
|switch|p2a: Mightyena|Mightyena, L96, F|290/290
|-ability|p2a: Mightyena|Intimidate|boost
|-fail|p1a: Regirock|unboost|[from] ability: Clear Body|[of] p1a: Regirock
|turn|1
|inactive|Battle timer is ON: inactive players will automatically lose when time's up. (requested by pukeko_damn)
|
|t:|1772746057
|move|p2a: Mightyena|Poison Fang|p1a: Regirock
|-resisted|p1a: Regirock
|-damage|p1a: Regirock|252/268
|-status|p1a: Regirock|tox
|move|p1a: Regirock|Iron Defense|p1a: Regirock
|-boost|p1a: Regirock|def|2
|
|-heal|p1a: Regirock|268/268 tox|[from] item: Leftovers
|-damage|p1a: Regirock|252/268 tox|[from] psn
|upkeep
|turn|2
|
|t:|1772746072
|switch|p2a: Gholdengo|Gholdengo, L77|261/261
|move|p1a: Regirock|Iron Defense|p1a: Regirock
|-boost|p1a: Regirock|def|2
|
|-heal|p1a: Regirock|268/268 tox|[from] item: Leftovers
|-damage|p1a: Regirock|236/268 tox|[from] psn
|upkeep
|turn|3
|
|t:|1772746079
|move|p2a: Gholdengo|Make It Rain|p1a: Regirock
|-supereffective|p1a: Regirock
|-damage|p1a: Regirock|0 fnt
|-unboost|p2a: Gholdengo|spa|1
|faint|p1a: Regirock
|
|upkeep
|
|t:|1772746096
|switch|p1a: Meganium|Meganium, L90, M|290/290
|turn|4
|
|t:|1772746100
|switch|p2a: Mightyena|Mightyena, L96, F|290/290
|-ability|p2a: Mightyena|Intimidate|boost
|-unboost|p1a: Meganium|atk|1
|move|p1a: Meganium|Swords Dance|p1a: Meganium
|-boost|p1a: Meganium|atk|2
|
|upkeep
|turn|5
|
|t:|1772746109
|move|p1a: Meganium|Swords Dance|p1a: Meganium
|-boost|p1a: Meganium|atk|2
|move|p2a: Mightyena|Poison Fang|p1a: Meganium
|-supereffective|p1a: Meganium
|-damage|p1a: Meganium|174/290
|
|-heal|p1a: Meganium|192/290|[from] item: Leftovers
|upkeep
|turn|6
|
|t:|1772746118
|move|p1a: Meganium|Petal Blizzard|p2a: Mightyena
|-damage|p2a: Mightyena|22/290
|move|p2a: Mightyena|Poison Fang|p1a: Meganium
|-supereffective|p1a: Meganium
|-damage|p1a: Meganium|82/290
|
|-heal|p1a: Meganium|100/290|[from] item: Leftovers
|upkeep
|turn|7
|
|t:|1772746123
|move|p1a: Meganium|Petal Blizzard|p2a: Mightyena
|-damage|p2a: Mightyena|0 fnt
|faint|p2a: Mightyena
|
|-heal|p1a: Meganium|118/290|[from] item: Leftovers
|upkeep
|
|t:|1772746129
|switch|p2a: Medicham|Medicham, L86, F|243/243
|turn|8
|
|t:|1772746135
|move|p2a: Medicham|Poison Jab|p1a: Meganium
|-supereffective|p1a: Meganium
|-damage|p1a: Meganium|0 fnt
|faint|p1a: Meganium
|
|upkeep
|
|t:|1772746146
|switch|p1a: Arceus|Arceus-Ice, L73|295/295
|turn|9
|
|t:|1772746154
|switch|p2a: Blastoise|Blastoise, L80, F|258/258
|move|p1a: Arceus|Calm Mind|p1a: Arceus
|-boost|p1a: Arceus|spa|1
|-boost|p1a: Arceus|spd|1
|
|upkeep
|turn|10
|
|t:|1772746162
|switch|p2a: Medicham|Medicham, L86, F|243/243
|move|p1a: Arceus|Calm Mind|p1a: Arceus
|-boost|p1a: Arceus|spa|1
|-boost|p1a: Arceus|spd|1
|
|upkeep
|turn|11
|
|t:|1772746168
|-terastallize|p1a: Arceus|Ground
|move|p2a: Medicham|Close Combat|p1a: Arceus
|-damage|p1a: Arceus|115/295
|-unboost|p2a: Medicham|def|1
|-unboost|p2a: Medicham|spd|1
|move|p1a: Arceus|Earth Power|p2a: Medicham
|-damage|p2a: Medicham|0 fnt
|faint|p2a: Medicham
|
|upkeep
|
|t:|1772746174
|switch|p2a: Grimmsnarl|Grimmsnarl, L83, M|293/293
|turn|12
|
|t:|1772746187
|move|p2a: Grimmsnarl|Light Screen|p2a: Grimmsnarl
|-sidestart|p2: pukeko_damn|move: Light Screen
|move|p1a: Arceus|Earth Power|p2a: Grimmsnarl
|-damage|p2a: Grimmsnarl|194/293
|
|upkeep
|turn|13
|
|t:|1772746192
|move|p2a: Grimmsnarl|Parting Shot|p1a: Arceus
|-unboost|p1a: Arceus|atk|1
|-unboost|p1a: Arceus|spa|1
|
|t:|1772746194
|switch|p2a: Blastoise|Blastoise, L80, F|258/258|[from] Parting Shot
|move|p1a: Arceus|Recover|p1a: Arceus
|-heal|p1a: Arceus|263/295
|
|upkeep
|turn|14
|
|t:|1772746199
|move|p1a: Arceus|Calm Mind|p1a: Arceus
|-boost|p1a: Arceus|spa|1
|-boost|p1a: Arceus|spd|1
|move|p2a: Blastoise|Shell Smash|p2a: Blastoise
|-unboost|p2a: Blastoise|def|1
|-unboost|p2a: Blastoise|spd|1
|-boost|p2a: Blastoise|atk|2
|-boost|p2a: Blastoise|spa|2
|-boost|p2a: Blastoise|spe|2
|-enditem|p2a: Blastoise|White Herb
|-clearnegativeboost|p2a: Blastoise|[silent]
|
|upkeep
|turn|15
|
|t:|1772746205
|move|p2a: Blastoise|Hydro Pump|p1a: Arceus
|-supereffective|p1a: Arceus
|-damage|p1a: Arceus|123/295
|move|p1a: Arceus|Calm Mind|p1a: Arceus
|-boost|p1a: Arceus|spa|1
|-boost|p1a: Arceus|spd|1
|
|upkeep
|turn|16
|
|t:|1772746211
|move|p2a: Blastoise|Hydro Pump|p1a: Arceus
|-supereffective|p1a: Arceus
|-damage|p1a: Arceus|0 fnt
|faint|p1a: Arceus
|
|upkeep
|
|t:|1772746214
|switch|p1a: Uxie|Uxie, L83|260/260
|turn|17
|
|t:|1772746217
|move|p2a: Blastoise|Hydro Pump|p1a: Uxie
|-damage|p1a: Uxie|122/260
|move|p1a: Uxie|Yawn|p2a: Blastoise
|-start|p2a: Blastoise|move: Yawn|[of] p1a: Uxie
|
|-heal|p1a: Uxie|138/260|[from] item: Leftovers
|upkeep
|turn|18
|
|t:|1772746227
|move|p2a: Blastoise|Hydro Pump|p1a: Uxie|[miss]
|-miss|p2a: Blastoise|p1a: Uxie
|move|p1a: Uxie|Stealth Rock|p2a: Blastoise
|-sidestart|p2: pukeko_damn|move: Stealth Rock
|
|-heal|p1a: Uxie|154/260|[from] item: Leftovers
|-end|p2a: Blastoise|move: Yawn|[silent]
|-status|p2a: Blastoise|slp
|upkeep
|turn|19
|
|t:|1772746230
|cant|p2a: Blastoise|slp
|move|p1a: Uxie|Psychic Noise|p2a: Blastoise
|-damage|p2a: Blastoise|228/258 slp
|-start|p2a: Blastoise|move: Heal Block
|
|-heal|p1a: Uxie|170/260|[from] item: Leftovers
|-sideend|p2: pukeko_damn|move: Light Screen
|upkeep
|turn|20
|
|t:|1772746232
|cant|p2a: Blastoise|slp
|move|p1a: Uxie|Psychic Noise|p2a: Blastoise
|-damage|p2a: Blastoise|167/258 slp
|
|-heal|p1a: Uxie|186/260|[from] item: Leftovers
|-end|p2a: Blastoise|move: Heal Block
|upkeep
|turn|21
|
|t:|1772746234
|cant|p2a: Blastoise|slp
|move|p1a: Uxie|Psychic Noise|p2a: Blastoise
|-damage|p2a: Blastoise|109/258 slp
|-start|p2a: Blastoise|move: Heal Block
|
|-heal|p1a: Uxie|202/260|[from] item: Leftovers
|upkeep
|turn|22
|
|t:|1772746242
|-curestatus|p2a: Blastoise|slp|[msg]
|move|p2a: Blastoise|Hydro Pump|p1a: Uxie|[miss]
|-miss|p2a: Blastoise|p1a: Uxie
|move|p1a: Uxie|U-turn|p2a: Blastoise
|-damage|p2a: Blastoise|67/258
|
|t:|1772746246
|switch|p1a: Dewgong|Dewgong, L94, M|322/322|[from] U-turn
|
|-end|p2a: Blastoise|move: Heal Block
|upkeep
|turn|23
|c|☆pukeko_damn|broooo
|
|t:|1772746253
|move|p2a: Blastoise|Earthquake|p1a: Dewgong
|-damage|p1a: Dewgong|217/322
|move|p1a: Dewgong|Knock Off|p2a: Blastoise
|-damage|p2a: Blastoise|26/258
|
|upkeep
|turn|24
|
|t:|1772746262
|move|p2a: Blastoise|Earthquake|p1a: Dewgong
|-damage|p1a: Dewgong|103/322
|move|p1a: Dewgong|Knock Off|p2a: Blastoise
|-damage|p2a: Blastoise|0 fnt
|faint|p2a: Blastoise
|
|upkeep
|
|t:|1772746267
|switch|p2a: Indeedee|Indeedee, L84, M|238/238
|-damage|p2a: Indeedee|209/238|[from] Stealth Rock
|-fieldstart|move: Psychic Terrain|[from] ability: Psychic Surge|[of] p2a: Indeedee
|turn|25
|
|t:|1772746272
|move|p2a: Indeedee|Expanding Force|p1a: Dewgong
|-damage|p1a: Dewgong|0 fnt
|faint|p1a: Dewgong
|
|upkeep
|
|t:|1772746277
|switch|p1a: Uxie|Uxie, L83|202/260
|turn|26
|
|t:|1772746281
|switch|p2a: Gholdengo|Gholdengo, L77|261/261
|-damage|p2a: Gholdengo|245/261|[from] Stealth Rock
|move|p1a: Uxie|Yawn|p2a: Gholdengo
|-immune|p2a: Gholdengo|[from] ability: Good as Gold
|
|-heal|p1a: Uxie|218/260|[from] item: Leftovers
|-heal|p2a: Gholdengo|261/261|[from] item: Leftovers
|upkeep
|turn|27
|
|t:|1772746287
|move|p1a: Uxie|Psychic Noise|p2a: Gholdengo
|-resisted|p2a: Gholdengo
|-damage|p2a: Gholdengo|228/261
|-start|p2a: Gholdengo|move: Heal Block
|move|p2a: Gholdengo|Thunder Wave|p1a: Uxie
|-status|p1a: Uxie|par
|
|-heal|p1a: Uxie|234/260 par|[from] item: Leftovers
|upkeep
|turn|28
|
|t:|1772746295
|move|p2a: Gholdengo|Shadow Ball|p1a: Uxie
|-supereffective|p1a: Uxie
|-damage|p1a: Uxie|100/260 par
|move|p1a: Uxie|U-turn|p2a: Gholdengo
|-resisted|p2a: Gholdengo
|-damage|p2a: Gholdengo|218/261
|
|t:|1772746300
|switch|p1a: Tinkaton|Tinkaton, L82, F|274/274|[from] U-turn
|-ability|p1a: Tinkaton|Mold Breaker
|
|-end|p2a: Gholdengo|move: Heal Block
|upkeep
|turn|29
|
|t:|1772746305
|move|p1a: Tinkaton|Knock Off|p2a: Gholdengo
|-supereffective|p2a: Gholdengo
|-damage|p2a: Gholdengo|110/261
|-enditem|p2a: Gholdengo|Leftovers|[from] move: Knock Off|[of] p1a: Tinkaton
|move|p2a: Gholdengo|Thunder Wave|p1a: Tinkaton
|-status|p1a: Tinkaton|par
|
|-fieldend|move: Psychic Terrain
|upkeep
|turn|30
|
|t:|1772746312
|move|p2a: Gholdengo|Recover|p2a: Gholdengo
|-heal|p2a: Gholdengo|241/261
|move|p1a: Tinkaton|Knock Off|p2a: Gholdengo
|-supereffective|p2a: Gholdengo
|-damage|p2a: Gholdengo|161/261
|
|upkeep
|turn|31
|
|t:|1772746315
|move|p2a: Gholdengo|Shadow Ball|p1a: Tinkaton
|-damage|p1a: Tinkaton|196/274 par
|-unboost|p1a: Tinkaton|spd|1
|cant|p1a: Tinkaton|par
|
|-heal|p1a: Tinkaton|213/274 par|[from] item: Leftovers
|upkeep
|turn|32
|
|t:|1772746317
|move|p2a: Gholdengo|Shadow Ball|p1a: Tinkaton
|-damage|p1a: Tinkaton|83/274 par
|cant|p1a: Tinkaton|par
|
|-heal|p1a: Tinkaton|100/274 par|[from] item: Leftovers
|upkeep
|turn|33
|
|t:|1772746319
|move|p2a: Gholdengo|Shadow Ball|p1a: Tinkaton
|-damage|p1a: Tinkaton|0 fnt
|faint|p1a: Tinkaton
|
|upkeep
|
|t:|1772746321
|switch|p1a: Uxie|Uxie, L83|100/260 par
|turn|34
|
|t:|1772746323
|move|p2a: Gholdengo|Shadow Ball|p1a: Uxie
|-supereffective|p1a: Uxie
|-damage|p1a: Uxie|0 fnt
|faint|p1a: Uxie
|
|win|pukeko_damn
|raw|joukion's rating: 1458 &rarr; <strong>1438</strong><br />(-20 for losing)
|raw|pukeko_damn's rating: 1465 &rarr; <strong>1485</strong><br />(+20 for winning)
|c|☆pukeko_damn|gg
|l|☆joukion
|player|p1|
