|j|☆gandito
|j|☆marcoslxz
|t:|1772744991
|gametype|singles
|player|p1|gandito|266|
|player|p2|marcoslxz|102|
|gen|9
|tier|[Gen 9] Random Battle
|rule|Species Clause: Limit one of each Pokémon
|rule|HP Percentage Mod: HP is shown in percentages
|rule|Sleep Clause Mod: Limit one foe put to sleep
|rule|Illusion Level Mod: Illusion disguises the Pokémon's true level
|
|t:|1772744991
|teamsize|p1|6
|teamsize|p2|6
|start
|switch|p1a: Lanturn|Lanturn, L89, F|367/367
|switch|p2a: Magcargo|Magcargo, L95, F|268/268
|turn|1
|
|t:|1772745001
|-terastallize|p2a: Magcargo|Grass
|move|p1a: Lanturn|Scald|p2a: Magcargo
|-resisted|p2a: Magcargo
|-damage|p2a: Magcargo|233/268
|move|p2a: Magcargo|Stealth Rock|p1a: Lanturn
|-sidestart|p1: gandito|move: Stealth Rock
|
|upkeep
|turn|2
|
|t:|1772745025
|switch|p1a: Iron Thorns|Iron Thorns, L83|302/302
|-damage|p1a: Iron Thorns|265/302|[from] Stealth Rock
|-item|p1a: Iron Thorns|Air Balloon
|switch|p2a: Lilligant|Lilligant, L86, F|261/261
|
|upkeep
|turn|3
|
|t:|1772745040
|move|p2a: Lilligant|Sleep Powder|p1a: Iron Thorns|[miss]
|-miss|p2a: Lilligant|p1a: Iron Thorns
|move|p1a: Iron Thorns|Ice Punch|p2a: Lilligant
|-supereffective|p2a: Lilligant
|-damage|p2a: Lilligant|123/261
|
|upkeep
|turn|4
|
|t:|1772745056
|-end|p1a: Iron Thorns|Quark Drive|[silent]
|switch|p1a: Chansey|Chansey, L85, F|564/564
|-damage|p1a: Chansey|494/564|[from] Stealth Rock
|move|p2a: Lilligant|Sleep Powder|p1a: Chansey|[miss]
|-miss|p2a: Lilligant|p1a: Chansey
|
|upkeep
|turn|5
|
|t:|1772745082
|move|p2a: Lilligant|Sleep Powder|p1a: Chansey|[miss]
|-miss|p2a: Lilligant|p1a: Chansey
|move|p1a: Chansey|Seismic Toss|p2a: Lilligant
|-damage|p2a: Lilligant|38/261
|
|upkeep
|turn|6
|
|t:|1772745089
|move|p2a: Lilligant|Sleep Powder|p1a: Chansey
|-status|p1a: Chansey|slp|[from] move: Sleep Powder
|cant|p1a: Chansey|slp
|
|upkeep
|turn|7
|
|t:|1772745097
|move|p2a: Lilligant|Quiver Dance|p2a: Lilligant
|-boost|p2a: Lilligant|spa|1
|-boost|p2a: Lilligant|spd|1
|-boost|p2a: Lilligant|spe|1
|cant|p1a: Chansey|slp
|
|upkeep
|turn|8
|
|t:|1772745104
|move|p2a: Lilligant|Quiver Dance|p2a: Lilligant
|-boost|p2a: Lilligant|spa|1
|-boost|p2a: Lilligant|spd|1
|-boost|p2a: Lilligant|spe|1
|-curestatus|p1a: Chansey|slp|[msg]
|move|p1a: Chansey|Seismic Toss|p2a: Lilligant
|-damage|p2a: Lilligant|0 fnt
|faint|p2a: Lilligant
|
|upkeep
|
|t:|1772745125
|switch|p2a: Groudon|Groudon, L72|263/263
|-weather|SunnyDay|[from] ability: Drought|[of] p2a: Groudon
|turn|9
|
|t:|1772745138
|move|p2a: Groudon|Swords Dance|p2a: Groudon
|-boost|p2a: Groudon|atk|2
|move|p1a: Chansey|Seismic Toss|p2a: Groudon
|-damage|p2a: Groudon|178/263
|
|-weather|SunnyDay|[upkeep]
|-heal|p2a: Groudon|194/263|[from] item: Leftovers
|upkeep
|turn|10
|
|t:|1772745165
|switch|p1a: Lanturn|Lanturn, L89, F|367/367
|move|p2a: Groudon|Precipice Blades|p1a: Lanturn
|-supereffective|p1a: Lanturn
|-damage|p1a: Lanturn|0 fnt
|faint|p1a: Lanturn
|
|-weather|SunnyDay|[upkeep]
|-heal|p2a: Groudon|210/263|[from] item: Leftovers
|upkeep
|
|t:|1772745172
|switch|p1a: Golduck|Golduck, L90, F|290/290
|-damage|p1a: Golduck|254/290|[from] Stealth Rock
|-ability|p1a: Golduck|Cloud Nine
|turn|11
|
|t:|1772745185
|move|p1a: Golduck|Hydro Pump|p2a: Groudon
|-supereffective|p2a: Groudon
|-damage|p2a: Groudon|0 fnt
|faint|p2a: Groudon
|
|-weather|SunnyDay|[upkeep]
|upkeep
|
|t:|1772745198
|switch|p2a: Magcargo|Magcargo, L95, F, tera:Grass|233/268
|turn|12
|
|t:|1772745205
|move|p1a: Golduck|Hydro Pump|p2a: Magcargo
|-resisted|p2a: Magcargo
|-damage|p2a: Magcargo|137/268
|move|p2a: Magcargo|Yawn|p1a: Golduck
|-start|p1a: Golduck|move: Yawn|[of] p2a: Magcargo
|
|-weather|SunnyDay|[upkeep]
|upkeep
|turn|13
|
|t:|1772745214
|move|p1a: Golduck|Hydro Pump|p2a: Magcargo
|-resisted|p2a: Magcargo
|-damage|p2a: Magcargo|35/268
|move|p2a: Magcargo|Recover|p2a: Magcargo
|-heal|p2a: Magcargo|169/268
|
|-weather|none
|-end|p1a: Golduck|move: Yawn|[silent]
|-status|p1a: Golduck|slp
|upkeep
|turn|14
|
|t:|1772745226
|switch|p2a: Gliscor|Gliscor, L76, F|239/239
|cant|p1a: Golduck|slp
|
|-status|p2a: Gliscor|tox|[from] item: Toxic Orb
|upkeep
|turn|15
|
|t:|1772745235
|switch|p1a: Iron Thorns|Iron Thorns, L83|265/302
|-damage|p1a: Iron Thorns|228/302|[from] Stealth Rock
|-item|p1a: Iron Thorns|Air Balloon
|move|p2a: Gliscor|Toxic|p1a: Iron Thorns
|-status|p1a: Iron Thorns|tox
|
|-damage|p1a: Iron Thorns|210/302 tox|[from] psn
|upkeep
|turn|16
|
|t:|1772745250
|move|p2a: Gliscor|Protect|p2a: Gliscor
|-singleturn|p2a: Gliscor|Protect
|move|p1a: Iron Thorns|Wild Charge|p2a: Gliscor
|-activate|p2a: Gliscor|move: Protect
|
|-damage|p1a: Iron Thorns|174/302 tox|[from] psn
|upkeep
|turn|17
|
|t:|1772745260
|switch|p2a: Magcargo|Magcargo, L95, F, tera:Grass|169/268
|move|p1a: Iron Thorns|Wild Charge|p2a: Magcargo
|-resisted|p2a: Magcargo
|-damage|p2a: Magcargo|127/268
|-damage|p1a: Iron Thorns|163/302 tox|[from] Recoil
|
|-damage|p1a: Iron Thorns|109/302 tox|[from] psn
|upkeep
|turn|18
|
|t:|1772745276
|-end|p1a: Iron Thorns|Quark Drive|[silent]
|switch|p1a: Chansey|Chansey, L85, F|494/564
|-damage|p1a: Chansey|424/564|[from] Stealth Rock
|move|p2a: Magcargo|Recover|p2a: Magcargo
|-heal|p2a: Magcargo|261/268
|
|upkeep
|turn|19
|
|t:|1772745285
|move|p1a: Chansey|Heal Bell|p1a: Chansey
|-activate|p1a: Chansey|move: Heal Bell
|-curestatus|p1: Iron Thorns|tox|[msg]
|-curestatus|p1: Golduck|slp|[msg]
|move|p2a: Magcargo|Yawn|p1a: Chansey
|-start|p1a: Chansey|move: Yawn|[of] p2a: Magcargo
|
|upkeep
|turn|20
|
|t:|1772745300
|switch|p1a: Golduck|Golduck, L90, F|254/290
|-damage|p1a: Golduck|218/290|[from] Stealth Rock
|-ability|p1a: Golduck|Cloud Nine
|move|p2a: Magcargo|Lava Plume|p1a: Golduck
|-resisted|p1a: Golduck
|-damage|p1a: Golduck|167/290
|
|upkeep
|turn|21
|
|t:|1772745324
|move|p1a: Golduck|Ice Beam|p2a: Magcargo
|-supereffective|p2a: Magcargo
|-damage|p2a: Magcargo|53/268
|move|p2a: Magcargo|Yawn|p1a: Golduck
|-start|p1a: Golduck|move: Yawn|[of] p2a: Magcargo
|
|upkeep
|turn|22
|
|t:|1772745334
|switch|p2a: Regice|Regice, L88|284/284
|move|p1a: Golduck|Ice Beam|p2a: Regice
|-resisted|p2a: Regice
|-damage|p2a: Regice|258/284
|
|-end|p1a: Golduck|move: Yawn|[silent]
|-status|p1a: Golduck|slp
|upkeep
|turn|23
|
|t:|1772745349
|switch|p1a: Noivern|Noivern, L82, F|274/274
|-damage|p1a: Noivern|206/274|[from] Stealth Rock
|switch|p2a: Gliscor|Gliscor, L76, F|239/239 tox
|
|upkeep
|turn|24
|
|t:|1772745360
|move|p2a: Gliscor|Protect|p2a: Gliscor
|-singleturn|p2a: Gliscor|Protect
|move|p1a: Noivern|Draco Meteor|p2a: Gliscor
|-activate|p2a: Gliscor|move: Protect
|
|upkeep
|turn|25
|
|t:|1772745374
|move|p1a: Noivern|Draco Meteor|p2a: Gliscor
|-damage|p2a: Gliscor|0 fnt
|-unboost|p1a: Noivern|spa|2
|faint|p2a: Gliscor
|
|upkeep
|
|t:|1772745382
|switch|p2a: Magcargo|Magcargo, L95, F, tera:Grass|53/268
|turn|26
|
|t:|1772745387
|move|p1a: Noivern|Draco Meteor|p2a: Magcargo
|-damage|p2a: Magcargo|0 fnt
|-unboost|p1a: Noivern|spa|2
|faint|p2a: Magcargo
|
|upkeep
|
|t:|1772745394
|switch|p2a: Espathra|Espathra, L80, M|283/283
|turn|27
|
|t:|1772745411
|move|p1a: Noivern|Draco Meteor|p2a: Espathra
|-damage|p2a: Espathra|190/283
|-unboost|p1a: Noivern|spa|2
|move|p2a: Espathra|Calm Mind|p2a: Espathra
|-boost|p2a: Espathra|spa|1
|-boost|p2a: Espathra|spd|1
|
|-heal|p2a: Espathra|207/283|[from] item: Leftovers
|-ability|p2a: Espathra|Speed Boost|boost
|-boost|p2a: Espathra|spe|1
|upkeep
|turn|28
|
|t:|1772745424
|switch|p1a: Chansey|Chansey, L85, F|424/564
|-damage|p1a: Chansey|354/564|[from] Stealth Rock
|move|p2a: Espathra|Calm Mind|p2a: Espathra
|-boost|p2a: Espathra|spa|1
|-boost|p2a: Espathra|spd|1
|
|-heal|p2a: Espathra|224/283|[from] item: Leftovers
|-ability|p2a: Espathra|Speed Boost|boost
|-boost|p2a: Espathra|spe|1
|upkeep
|turn|29
|
|t:|1772745437
|move|p2a: Espathra|Stored Power|p1a: Chansey
|-damage|p1a: Chansey|183/564
|move|p1a: Chansey|Heal Bell|p1a: Chansey
|-activate|p1a: Chansey|move: Heal Bell
|-curestatus|p1: Golduck|slp|[msg]
|
|-heal|p2a: Espathra|241/283|[from] item: Leftovers
|-ability|p2a: Espathra|Speed Boost|boost
|-boost|p2a: Espathra|spe|1
|upkeep
|turn|30
|
|t:|1772745450
|move|p2a: Espathra|Calm Mind|p2a: Espathra
|-boost|p2a: Espathra|spa|1
|-boost|p2a: Espathra|spd|1
|move|p1a: Chansey|Soft-Boiled|p1a: Chansey
|-heal|p1a: Chansey|465/564
|
|-heal|p2a: Espathra|258/283|[from] item: Leftovers
|-ability|p2a: Espathra|Speed Boost|boost
|-boost|p2a: Espathra|spe|1
|upkeep
|turn|31
|
|t:|1772745461
|move|p2a: Espathra|Calm Mind|p2a: Espathra
|-boost|p2a: Espathra|spa|1
|-boost|p2a: Espathra|spd|1
|move|p1a: Chansey|Seismic Toss|p2a: Espathra
|-damage|p2a: Espathra|173/283
|
|-heal|p2a: Espathra|190/283|[from] item: Leftovers
|-ability|p2a: Espathra|Speed Boost|boost
|-boost|p2a: Espathra|spe|1
|upkeep
|turn|32
|
|t:|1772745474
|move|p2a: Espathra|Stored Power|p1a: Chansey
|-damage|p1a: Chansey|0 fnt
|faint|p1a: Chansey
|
|-heal|p2a: Espathra|207/283|[from] item: Leftovers
|-ability|p2a: Espathra|Speed Boost|boost
|-boost|p2a: Espathra|spe|1
|upkeep
|
|t:|1772745485
|switch|p1a: Noivern|Noivern, L82, F|206/274
|-damage|p1a: Noivern|138/274|[from] Stealth Rock
|turn|33
|
|t:|1772745495
|move|p2a: Espathra|Dazzling Gleam|p1a: Noivern
|-supereffective|p1a: Noivern
|-damage|p1a: Noivern|0 fnt
|faint|p1a: Noivern
|
|-heal|p2a: Espathra|224/283|[from] item: Leftovers
|upkeep
|
|t:|1772745501
|switch|p1a: Victreebel|Victreebel, L90, F|290/290
|-damage|p1a: Victreebel|254/290|[from] Stealth Rock
|turn|34
|
|t:|1772745521
|move|p1a: Victreebel|Sucker Punch|p2a: Espathra
|-supereffective|p2a: Espathra
|-damage|p2a: Espathra|0 fnt
|faint|p2a: Espathra
|-damage|p1a: Victreebel|225/290|[from] item: Life Orb
|
|upkeep
|
|t:|1772745528
|switch|p2a: Regice|Regice, L88|258/284
|turn|35
|
|t:|1772745551
|switch|p1a: Golduck|Golduck, L90, F|167/290
|-damage|p1a: Golduck|131/290|[from] Stealth Rock
|-ability|p1a: Golduck|Cloud Nine
|move|p2a: Regice|Body Press|p1a: Golduck
|-damage|p1a: Golduck|71/290
|
|upkeep
|turn|36
|
|t:|1772745564
|move|p1a: Golduck|Grass Knot|p2a: Regice
|-damage|p2a: Regice|202/284
|move|p2a: Regice|Thunderbolt|p1a: Golduck
|-supereffective|p1a: Golduck
|-damage|p1a: Golduck|0 fnt
|faint|p1a: Golduck
|
|upkeep
|
|t:|1772745571
|switch|p1a: Iron Thorns|Iron Thorns, L83|109/302
|-damage|p1a: Iron Thorns|72/302|[from] Stealth Rock
|-item|p1a: Iron Thorns|Air Balloon
|turn|37
|
|t:|1772745586
|move|p1a: Iron Thorns|Stone Edge|p2a: Regice
|-supereffective|p2a: Regice
|-crit|p2a: Regice
|-damage|p2a: Regice|0 fnt
|faint|p2a: Regice
|
|win|gandito
