|j|☆warsanchez
|j|☆hombre de combates
|t:|1776981466
|gametype|singles
|player|p1|warsanchez|265|1411
|player|p2|hombre de combates|102|1442
|gen|9
|tier|[Gen 9] Random Battle
|rated|
|rule|Species Clause: Limit one of each Pokémon
|rule|HP Percentage Mod: HP is shown in percentages
|rule|Sleep Clause Mod: Limit one foe put to sleep
|rule|Illusion Level Mod: Illusion disguises the Pokémon's true level
|
|t:|1776981466
|teamsize|p1|6
|teamsize|p2|6
|start
|switch|p1a: Farigiraf|Farigiraf, L90, M|362/362
|switch|p2a: Great Tusk|Great Tusk, L77|304/304
|turn|1
|inactive|Battle timer is ON: inactive players will automatically lose when time's up. (requested by warsanchez)
|
|t:|1776981475
|-end|p2a: Great Tusk|Protosynthesis|[silent]
|switch|p2a: Piloswine|Piloswine, L85, F|309/309
|move|p1a: Farigiraf|Body Slam|p2a: Piloswine
|-damage|p2a: Piloswine|242/309
|
|upkeep
|turn|2
|
|t:|1776981488
|move|p1a: Farigiraf|Body Slam|p2a: Piloswine
|-damage|p2a: Piloswine|178/309
|-status|p2a: Piloswine|par
|move|p2a: Piloswine|Stealth Rock|p1a: Farigiraf
|-sidestart|p1: warsanchez|move: Stealth Rock
|
|upkeep
|turn|3
|
|t:|1776981497
|move|p1a: Farigiraf|Wish|p1a: Farigiraf
|move|p2a: Piloswine|Earthquake|p1a: Farigiraf
|-damage|p1a: Farigiraf|247/362
|
|-heal|p1a: Farigiraf|269/362|[from] item: Leftovers
|upkeep
|turn|4
|
|t:|1776981504
|move|p1a: Farigiraf|Body Slam|p2a: Piloswine
|-damage|p2a: Piloswine|109/309 par
|move|p2a: Piloswine|Icicle Crash|p1a: Farigiraf
|-damage|p1a: Farigiraf|161/362
|
|-heal|p1a: Farigiraf|342/362|[from] move: Wish|[wisher] Farigiraf
|-heal|p1a: Farigiraf|362/362|[from] item: Leftovers
|upkeep
|turn|5
|
|t:|1776981514
|move|p1a: Farigiraf|Psychic Noise|p2a: Piloswine
|-damage|p2a: Piloswine|13/309 par
|-start|p2a: Piloswine|move: Heal Block
|move|p2a: Piloswine|Icicle Crash|p1a: Farigiraf
|-damage|p1a: Farigiraf|254/362
|
|-heal|p1a: Farigiraf|276/362|[from] item: Leftovers
|upkeep
|turn|6
|
|t:|1776981525
|move|p2a: Piloswine|Ice Shard|p1a: Farigiraf
|-damage|p1a: Farigiraf|225/362
|move|p1a: Farigiraf|Wish|p1a: Farigiraf
|
|-heal|p1a: Farigiraf|247/362|[from] item: Leftovers
|-end|p2a: Piloswine|move: Heal Block
|upkeep
|turn|7
|
|t:|1776981533
|move|p1a: Farigiraf|Psychic Noise|p2a: Piloswine
|-damage|p2a: Piloswine|0 fnt
|faint|p2a: Piloswine
|
|-heal|p1a: Farigiraf|362/362|[from] move: Wish|[wisher] Farigiraf
|upkeep
|
|t:|1776981544
|switch|p2a: Rotom|Rotom-Fan, L86|226/226
|turn|8
|
|t:|1776981558
|move|p2a: Rotom|Nasty Plot|p2a: Rotom
|-boost|p2a: Rotom|spa|2
|move|p1a: Farigiraf|Body Slam|p2a: Rotom
|-damage|p2a: Rotom|138/226
|
|upkeep
|turn|9
|
|t:|1776981565
|move|p2a: Rotom|Thunderbolt|p1a: Farigiraf
|-damage|p1a: Farigiraf|142/362
|-status|p1a: Farigiraf|par
|move|p1a: Farigiraf|Body Slam|p2a: Rotom
|-damage|p2a: Rotom|47/226
|
|-heal|p1a: Farigiraf|164/362 par|[from] item: Leftovers
|upkeep
|turn|10
|
|t:|1776981575
|move|p2a: Rotom|Thunderbolt|p1a: Farigiraf
|-damage|p1a: Farigiraf|0 fnt
|faint|p1a: Farigiraf
|
|upkeep
|
|t:|1776981588
|switch|p1a: Iron Crown|Iron Crown, L78|268/268
|-damage|p1a: Iron Crown|252/268|[from] Stealth Rock
|turn|11
|
|t:|1776981598
|move|p1a: Iron Crown|Psyshock|p2a: Rotom
|-damage|p2a: Rotom|0 fnt
|faint|p2a: Rotom
|
|upkeep
|
|t:|1776981611
|switch|p2a: Calyrex|Calyrex, L93|337/337
|-ability|p2a: Calyrex|Unnerve
|turn|12
|
|t:|1776981626
|-end|p1a: Iron Crown|Quark Drive|[silent]
|switch|p1a: Wo-Chien|Wo-Chien, L83|277/277
|-damage|p1a: Wo-Chien|243/277|[from] Stealth Rock
|-ability|p1a: Wo-Chien|Tablets of Ruin
|move|p2a: Calyrex|Calm Mind|p2a: Calyrex
|-boost|p2a: Calyrex|spa|1
|-boost|p2a: Calyrex|spd|1
|
|-heal|p1a: Wo-Chien|260/277|[from] item: Leftovers
|upkeep
|turn|13
|
|t:|1776981650
|switch|p2a: Great Tusk|Great Tusk, L77|304/304
|move|p1a: Wo-Chien|Knock Off|p2a: Great Tusk
|-resisted|p2a: Great Tusk
|-damage|p2a: Great Tusk|268/304
|-enditem|p2a: Great Tusk|Assault Vest|[from] move: Knock Off|[of] p1a: Wo-Chien
|
|-heal|p1a: Wo-Chien|277/277|[from] item: Leftovers
|upkeep
|turn|14
|
|t:|1776981680
|move|p2a: Great Tusk|Close Combat|p1a: Wo-Chien
|-supereffective|p1a: Wo-Chien
|-damage|p1a: Wo-Chien|101/277
|-unboost|p2a: Great Tusk|def|1
|-unboost|p2a: Great Tusk|spd|1
|move|p1a: Wo-Chien|Stun Spore|p2a: Great Tusk
|-status|p2a: Great Tusk|par
|
|-heal|p1a: Wo-Chien|118/277|[from] item: Leftovers
|upkeep
|turn|15
|inactive|hombre de combates has 120 seconds left.
|inactive|warsanchez has 120 seconds left.
|
|t:|1776981724
|move|p1a: Wo-Chien|Leech Seed|p2a: Great Tusk
|-start|p2a: Great Tusk|move: Leech Seed
|move|p2a: Great Tusk|Close Combat|p1a: Wo-Chien
|-supereffective|p1a: Wo-Chien
|-damage|p1a: Wo-Chien|0 fnt
|-unboost|p2a: Great Tusk|def|1
|-unboost|p2a: Great Tusk|spd|1
|faint|p1a: Wo-Chien
|
|upkeep
|
|t:|1776981733
|switch|p1a: Zangoose|Zangoose, L85, F|263/263
|-damage|p1a: Zangoose|231/263|[from] Stealth Rock
|turn|16
|inactive|warsanchez has 120 seconds left.
|
|t:|1776981749
|move|p1a: Zangoose|Facade|p2a: Great Tusk
|-damage|p2a: Great Tusk|130/304 par
|cant|p2a: Great Tusk|par
|
|-damage|p2a: Great Tusk|92/304 par|[from] Leech Seed|[of] p1a: Zangoose
|-heal|p1a: Zangoose|263/263|[silent]
|-status|p1a: Zangoose|tox|[from] item: Toxic Orb
|upkeep
|turn|17
|
|t:|1776981761
|move|p1a: Zangoose|Facade|p2a: Great Tusk
|-damage|p2a: Great Tusk|0 fnt
|faint|p2a: Great Tusk
|-end|p2a: Great Tusk|Protosynthesis|[silent]
|
|-damage|p1a: Zangoose|247/263 tox|[from] psn
|upkeep
|inactive|hombre de combates has 120 seconds left.
|
|t:|1776981775
|switch|p2a: Calyrex|Calyrex, L93|337/337
|-ability|p2a: Calyrex|Unnerve
|turn|18
|inactive|warsanchez has 120 seconds left.
|inactive|hombre de combates has 120 seconds left.
|
|t:|1776981796
|-terastallize|p2a: Calyrex|Steel
|move|p1a: Zangoose|Knock Off|p2a: Calyrex
|-damage|p2a: Calyrex|220/337
|-enditem|p2a: Calyrex|Leftovers|[from] move: Knock Off|[of] p1a: Zangoose
|move|p2a: Calyrex|Giga Drain|p1a: Zangoose
|-damage|p1a: Zangoose|136/263 tox
|-heal|p2a: Calyrex|276/337|[from] drain|[of] p1a: Zangoose
|
|-damage|p1a: Zangoose|104/263 tox|[from] psn
|upkeep
|turn|19
|
|t:|1776981810
|switch|p1a: Iron Crown|Iron Crown, L78|252/268
|-damage|p1a: Iron Crown|236/268|[from] Stealth Rock
|move|p2a: Calyrex|Encore||[still]
|-fail|p2a: Calyrex
|
|upkeep
|turn|20
|
|t:|1776981821
|move|p2a: Calyrex|Calm Mind|p2a: Calyrex
|-boost|p2a: Calyrex|spa|1
|-boost|p2a: Calyrex|spd|1
|move|p1a: Iron Crown|Focus Blast|p2a: Calyrex
|-supereffective|p2a: Calyrex
|-damage|p2a: Calyrex|110/337
|
|upkeep
|turn|21
|inactive|hombre de combates has 120 seconds left.
|
|t:|1776981830
|move|p2a: Calyrex|Giga Drain|p1a: Iron Crown
|-resisted|p1a: Iron Crown
|-damage|p1a: Iron Crown|180/268
|-heal|p2a: Calyrex|138/337|[from] drain|[of] p1a: Iron Crown
|move|p1a: Iron Crown|Focus Blast|p2a: Calyrex|[miss]
|-miss|p1a: Iron Crown|p2a: Calyrex
|
|upkeep
|turn|22
|inactive|warsanchez has 120 seconds left.
|
|t:|1776981838
|move|p2a: Calyrex|Giga Drain|p1a: Iron Crown
|-resisted|p1a: Iron Crown
|-damage|p1a: Iron Crown|123/268
|-heal|p2a: Calyrex|167/337|[from] drain|[of] p1a: Iron Crown
|move|p1a: Iron Crown|Focus Blast|p2a: Calyrex
|-supereffective|p2a: Calyrex
|-damage|p2a: Calyrex|0 fnt
|faint|p2a: Calyrex
|
|upkeep
|
|t:|1776981848
|switch|p2a: Seviper|Seviper, L93, F|287/287
|turn|23
|
|t:|1776981855
|move|p2a: Seviper|Flamethrower|p1a: Iron Crown
|-supereffective|p1a: Iron Crown
|-damage|p1a: Iron Crown|0 fnt
|faint|p1a: Iron Crown
|-end|p1a: Iron Crown|Quark Drive|[silent]
|
|upkeep
|
|t:|1776981869
|switch|p1a: Hydrapple|Hydrapple, L83, F|312/312
|-damage|p1a: Hydrapple|273/312|[from] Stealth Rock
|turn|24
|
|t:|1776981875
|move|p2a: Seviper|Flamethrower|p1a: Hydrapple
|-damage|p1a: Hydrapple|219/312
|move|p1a: Hydrapple|Earth Power|p2a: Seviper
|-supereffective|p2a: Seviper
|-damage|p2a: Seviper|101/287
|-unboost|p2a: Seviper|spd|1
|
|upkeep
|turn|25
|
|t:|1776981883
|move|p2a: Seviper|Flamethrower|p1a: Hydrapple
|-damage|p1a: Hydrapple|162/312
|move|p1a: Hydrapple|Giga Drain|p2a: Seviper
|-resisted|p2a: Seviper
|-damage|p2a: Seviper|16/287
|-heal|p1a: Hydrapple|205/312|[from] drain|[of] p2a: Seviper
|
|upkeep
|turn|26
|
|t:|1776981892
|move|p2a: Seviper|Flamethrower|p1a: Hydrapple
|-damage|p1a: Hydrapple|151/312
|move|p1a: Hydrapple|Giga Drain|p2a: Seviper
|-resisted|p2a: Seviper
|-crit|p2a: Seviper
|-damage|p2a: Seviper|0 fnt
|-heal|p1a: Hydrapple|159/312|[from] drain|[of] p2a: Seviper
|faint|p2a: Seviper
|
|upkeep
|
|t:|1776981901
|switch|p2a: Phione|Phione, L91|293/293
|turn|27
|
|t:|1776981909
|-terastallize|p1a: Hydrapple|Steel
|move|p2a: Phione|Take Heart|p2a: Phione
|-boost|p2a: Phione|spa|1
|-boost|p2a: Phione|spd|1
|move|p1a: Hydrapple|Giga Drain|p2a: Phione
|-supereffective|p2a: Phione
|-damage|p2a: Phione|179/293
|-heal|p1a: Hydrapple|216/312|[from] drain|[of] p2a: Phione
|
|-heal|p2a: Phione|197/293|[from] item: Leftovers
|upkeep
|turn|28
|
|t:|1776981923
|switch|p1a: Zangoose|Zangoose, L85, F|104/263 tox
|-damage|p1a: Zangoose|72/263 tox|[from] Stealth Rock
|move|p2a: Phione|Take Heart|p2a: Phione
|-boost|p2a: Phione|spa|1
|-boost|p2a: Phione|spd|1
|
|-heal|p2a: Phione|215/293|[from] item: Leftovers
|-damage|p1a: Zangoose|56/263 tox|[from] psn
|upkeep
|turn|29
|
|t:|1776981935
|move|p1a: Zangoose|Facade|p2a: Phione
|-damage|p2a: Phione|0 fnt
|faint|p2a: Phione
|
|win|warsanchez
|raw|warsanchez's rating: 1411 &rarr; <strong>1433</strong><br />(+22 for winning)
|raw|hombre de combates's rating: 1442 &rarr; <strong>1420</strong><br />(-22 for losing)
|l|☆hombre de combates
|player|p2|
