|j|☆ThePhantom00000
|j|☆Legate Landorus
|t:|1776974845
|gametype|singles
|player|p1|ThePhantom00000|170|1907
|player|p2|Legate Landorus|unknown|1930
|gen|9
|tier|[Gen 9] Random Battle
|rated|
|rule|Species Clause: Limit one of each Pokémon
|rule|HP Percentage Mod: HP is shown in percentages
|rule|Sleep Clause Mod: Limit one foe put to sleep
|rule|Illusion Level Mod: Illusion disguises the Pokémon's true level
|
|t:|1776974845
|teamsize|p1|6
|teamsize|p2|6
|start
|switch|p1a: Luvdisc|Luvdisc, M|247/247
|switch|p2a: Glaceon|Glaceon, L94, F|275/275
|turn|1
|inactive|Battle timer is ON: inactive players will automatically lose when time's up. (requested by ThePhantom00000)
|
|t:|1776974860
|move|p1a: Luvdisc|Substitute|p1a: Luvdisc
|-start|p1a: Luvdisc|Substitute
|-damage|p1a: Luvdisc|186/247
|move|p2a: Glaceon|Mud Shot|p1a: Luvdisc
|-end|p1a: Luvdisc|Substitute
|
|upkeep
|turn|2
|
|t:|1776974868
|move|p1a: Luvdisc|Substitute|p1a: Luvdisc
|-start|p1a: Luvdisc|Substitute
|-damage|p1a: Luvdisc|125/247
|move|p2a: Glaceon|Freeze-Dry|p1a: Luvdisc
|-supereffective|p1a: Luvdisc
|-crit|p1a: Luvdisc
|-end|p1a: Luvdisc|Substitute
|
|upkeep
|turn|3
|
|t:|1776974872
|move|p1a: Luvdisc|Substitute|p1a: Luvdisc
|-start|p1a: Luvdisc|Substitute
|-damage|p1a: Luvdisc|64/247
|move|p2a: Glaceon|Freeze-Dry|p1a: Luvdisc
|-supereffective|p1a: Luvdisc
|-end|p1a: Luvdisc|Substitute
|
|upkeep
|turn|4
|
|t:|1776974875
|move|p1a: Luvdisc|Substitute|p1a: Luvdisc
|-start|p1a: Luvdisc|Substitute
|-damage|p1a: Luvdisc|3/247
|move|p2a: Glaceon|Freeze-Dry|p1a: Luvdisc
|-supereffective|p1a: Luvdisc
|-end|p1a: Luvdisc|Substitute
|
|upkeep
|turn|5
|
|t:|1776974882
|switch|p2a: Flutter Mane|Flutter Mane, L74|203/203
|move|p1a: Luvdisc|Flip Turn|p2a: Flutter Mane
|-damage|p2a: Flutter Mane|131/203
|
|t:|1776974905
|switch|p1a: Dugtrio|Dugtrio-Alola, L84, F|196/196|[from] Flip Turn
|
|upkeep
|turn|6
|
|t:|1776974925
|-end|p2a: Flutter Mane|Protosynthesis|[silent]
|switch|p2a: Chimecho|Chimecho, L93, M|290/290
|move|p1a: Dugtrio|Swords Dance|p1a: Dugtrio
|-boost|p1a: Dugtrio|atk|2
|
|upkeep
|turn|7
|inactive|Legate Landorus has 120 seconds left.
|inactive|Legate Landorus has 90 seconds left.
|
|t:|1776974993
|-terastallize|p2a: Chimecho|Steel
|move|p1a: Dugtrio|Iron Head|p2a: Chimecho
|-resisted|p2a: Chimecho
|-damage|p2a: Chimecho|173/290
|-damage|p1a: Dugtrio|177/196|[from] item: Life Orb
|move|p2a: Chimecho|Cosmic Power|p2a: Chimecho
|-boost|p2a: Chimecho|def|1
|-boost|p2a: Chimecho|spd|1
|
|-heal|p2a: Chimecho|191/290|[from] item: Leftovers
|upkeep
|turn|8
|
|t:|1776975007
|move|p1a: Dugtrio|Swords Dance|p1a: Dugtrio
|-boost|p1a: Dugtrio|atk|2
|move|p2a: Chimecho|Cosmic Power|p2a: Chimecho
|-boost|p2a: Chimecho|def|1
|-boost|p2a: Chimecho|spd|1
|
|-heal|p2a: Chimecho|209/290|[from] item: Leftovers
|upkeep
|turn|9
|
|t:|1776975015
|move|p1a: Dugtrio|Iron Head|p2a: Chimecho
|-resisted|p2a: Chimecho
|-damage|p2a: Chimecho|131/290
|-damage|p1a: Dugtrio|158/196|[from] item: Life Orb
|move|p2a: Chimecho|Cosmic Power|p2a: Chimecho
|-boost|p2a: Chimecho|def|1
|-boost|p2a: Chimecho|spd|1
|
|-heal|p2a: Chimecho|149/290|[from] item: Leftovers
|upkeep
|turn|10
|
|t:|1776975021
|move|p1a: Dugtrio|Swords Dance|p1a: Dugtrio
|-boost|p1a: Dugtrio|atk|2
|move|p2a: Chimecho|Recover|p2a: Chimecho
|-heal|p2a: Chimecho|290/290
|
|upkeep
|turn|11
|
|t:|1776975025
|move|p1a: Dugtrio|Iron Head|p2a: Chimecho
|-resisted|p2a: Chimecho
|-damage|p2a: Chimecho|196/290
|-damage|p1a: Dugtrio|139/196|[from] item: Life Orb
|cant|p2a: Chimecho|flinch
|
|-heal|p2a: Chimecho|214/290|[from] item: Leftovers
|upkeep
|turn|12
|
|t:|1776975033
|move|p1a: Dugtrio|Iron Head|p2a: Chimecho
|-resisted|p2a: Chimecho
|-damage|p2a: Chimecho|133/290
|-damage|p1a: Dugtrio|120/196|[from] item: Life Orb
|move|p2a: Chimecho|Cosmic Power|p2a: Chimecho
|-boost|p2a: Chimecho|def|1
|-boost|p2a: Chimecho|spd|1
|
|-heal|p2a: Chimecho|151/290|[from] item: Leftovers
|upkeep
|turn|13
|
|t:|1776975038
|move|p1a: Dugtrio|Iron Head|p2a: Chimecho
|-resisted|p2a: Chimecho
|-damage|p2a: Chimecho|81/290
|-damage|p1a: Dugtrio|101/196|[from] item: Life Orb
|move|p2a: Chimecho|Recover|p2a: Chimecho
|-heal|p2a: Chimecho|226/290
|
|-heal|p2a: Chimecho|244/290|[from] item: Leftovers
|upkeep
|turn|14
|
|t:|1776975044
|move|p1a: Dugtrio|Iron Head|p2a: Chimecho
|-resisted|p2a: Chimecho
|-damage|p2a: Chimecho|178/290
|-damage|p1a: Dugtrio|82/196|[from] item: Life Orb
|move|p2a: Chimecho|Cosmic Power|p2a: Chimecho
|-boost|p2a: Chimecho|def|1
|-boost|p2a: Chimecho|spd|1
|
|-heal|p2a: Chimecho|196/290|[from] item: Leftovers
|upkeep
|turn|15
|inactive|Legate Landorus has 120 seconds left.
|
|t:|1776975057
|move|p1a: Dugtrio|Iron Head|p2a: Chimecho
|-resisted|p2a: Chimecho
|-damage|p2a: Chimecho|139/290
|-damage|p1a: Dugtrio|63/196|[from] item: Life Orb
|cant|p2a: Chimecho|flinch
|
|-heal|p2a: Chimecho|157/290|[from] item: Leftovers
|upkeep
|turn|16
|inactive|Legate Landorus has 120 seconds left.
|
|t:|1776975063
|move|p1a: Dugtrio|Sucker Punch||[still]
|-fail|p1a: Dugtrio
|move|p2a: Chimecho|Recover|p2a: Chimecho
|-heal|p2a: Chimecho|290/290
|
|upkeep
|turn|17
|
|t:|1776975068
|move|p1a: Dugtrio|Iron Head|p2a: Chimecho
|-resisted|p2a: Chimecho
|-damage|p2a: Chimecho|232/290
|-damage|p1a: Dugtrio|44/196|[from] item: Life Orb
|cant|p2a: Chimecho|flinch
|
|-heal|p2a: Chimecho|250/290|[from] item: Leftovers
|upkeep
|turn|18
|
|t:|1776975082
|move|p1a: Dugtrio|Iron Head|p2a: Chimecho
|-resisted|p2a: Chimecho
|-damage|p2a: Chimecho|184/290
|-damage|p1a: Dugtrio|25/196|[from] item: Life Orb
|move|p2a: Chimecho|Stored Power|p1a: Dugtrio
|-resisted|p1a: Dugtrio
|-damage|p1a: Dugtrio|0 fnt
|faint|p1a: Dugtrio
|
|-heal|p2a: Chimecho|202/290|[from] item: Leftovers
|upkeep
|
|t:|1776975084
|switch|p1a: Luvdisc|Luvdisc, M|3/247
|turn|19
|
|t:|1776975091
|move|p1a: Luvdisc|Endeavor|p2a: Chimecho
|-damage|p2a: Chimecho|3/290
|move|p2a: Chimecho|Stored Power|p1a: Luvdisc
|-damage|p1a: Luvdisc|0 fnt
|faint|p1a: Luvdisc
|
|-heal|p2a: Chimecho|21/290|[from] item: Leftovers
|upkeep
|inactive|ThePhantom00000 has 120 seconds left.
|
|t:|1776975125
|switch|p1a: Braviary|Braviary, L85, M|309/309
|turn|20
|
|t:|1776975148
|move|p1a: Braviary|Close Combat|p2a: Chimecho
|-supereffective|p2a: Chimecho
|-damage|p2a: Chimecho|0 fnt
|-unboost|p1a: Braviary|def|1
|-unboost|p1a: Braviary|spd|1
|faint|p2a: Chimecho
|
|upkeep
|
|t:|1776975163
|switch|p2a: Hitmonlee|Hitmonlee, L85, M|223/223
|turn|21
|
|t:|1776975174
|move|p2a: Hitmonlee|Stone Edge|p1a: Braviary
|-supereffective|p1a: Braviary
|-damage|p1a: Braviary|0 fnt
|faint|p1a: Braviary
|
|upkeep
|
|t:|1776975183
|switch|p1a: Lurantis|Lurantis, L87, M|264/264
|turn|22
|
|t:|1776975200
|switch|p2a: Glaceon|Glaceon, L94, F|275/275
|move|p1a: Lurantis|Superpower|p2a: Glaceon
|-supereffective|p2a: Glaceon
|-damage|p2a: Glaceon|131/275
|-boost|p1a: Lurantis|atk|1
|-boost|p1a: Lurantis|def|1
|
|upkeep
|turn|23
|
|t:|1776975206
|move|p2a: Glaceon|Freeze-Dry|p1a: Lurantis
|-supereffective|p1a: Lurantis
|-damage|p1a: Lurantis|36/264
|move|p1a: Lurantis|Superpower|p2a: Glaceon
|-supereffective|p2a: Glaceon
|-damage|p2a: Glaceon|0 fnt
|-boost|p1a: Lurantis|atk|1
|-boost|p1a: Lurantis|def|1
|faint|p2a: Glaceon
|
|-heal|p1a: Lurantis|52/264|[from] item: Leftovers
|upkeep
|
|t:|1776975219
|switch|p2a: Flutter Mane|Flutter Mane, L74|131/203
|turn|24
|
|t:|1776975223
|move|p2a: Flutter Mane|Moonblast|p1a: Lurantis
|-damage|p1a: Lurantis|0 fnt
|faint|p1a: Lurantis
|-damage|p2a: Flutter Mane|111/203|[from] item: Life Orb
|
|upkeep
|
|t:|1776975228
|switch|p1a: Porygon-Z|Porygon-Z, L83|277/277
|turn|25
|inactive|Legate Landorus has 120 seconds left.
|
|t:|1776975278
|-end|p2a: Flutter Mane|Protosynthesis|[silent]
|switch|p2a: Tatsugiri|Tatsugiri, L87, M|260/260
|move|p1a: Porygon-Z|Trick|p2a: Tatsugiri
|-activate|p1a: Porygon-Z|move: Trick|[of] p2a: Tatsugiri
|-item|p2a: Tatsugiri|Choice Scarf|[from] move: Trick
|-item|p1a: Porygon-Z|Heavy-Duty Boots|[from] move: Trick
|
|upkeep
|turn|26
|
|t:|1776975286
|move|p2a: Tatsugiri|Surf|p1a: Porygon-Z
|-damage|p1a: Porygon-Z|133/277
|move|p1a: Porygon-Z|Tri Attack|p2a: Tatsugiri
|-damage|p2a: Tatsugiri|116/260
|
|upkeep
|turn|27
|
|t:|1776975290
|move|p2a: Tatsugiri|Surf|p1a: Porygon-Z
|-damage|p1a: Porygon-Z|0 fnt
|faint|p1a: Porygon-Z
|
|upkeep
|
|t:|1776975292
|switch|p1a: Moltres|Moltres-Galar, L79|271/271
|turn|28
|inactive|Legate Landorus has 120 seconds left.
|
|t:|1776975317
|switch|p2a: Hitmonlee|Hitmonlee, L85, M|223/223
|move|p1a: Moltres|Nasty Plot|p1a: Moltres
|-boost|p1a: Moltres|spa|2
|
|upkeep
|turn|29
|
|t:|1776975326
|move|p2a: Hitmonlee|High Jump Kick|p1a: Moltres
|-damage|p1a: Moltres|0 fnt
|faint|p1a: Moltres
|
|win|Legate Landorus
|raw|ThePhantom00000's rating: 1907 &rarr; <strong>1888</strong><br />(-19 for losing)
|raw|Legate Landorus's rating: 1930 &rarr; <strong>1949</strong><br />(+19 for winning)
|c|☆Legate Landorus|ggwp
|l|☆ThePhantom00000
|player|p1|
