|badge|p2|gold|gen9randombattle|3-9
|uhtml|medal-msg|<div class="broadcast-blue">Curious what those medals under the avatar are? PS now has Ladder Seasons! For more information, check out the <a href="https://www.smogon.com/forums/threads/3740067/">thread on Smogon.</a></div>
|j|☆jyusaan雨傘
|j|☆MichaelderBeste2
|html|<table width="100%"><tr><td align="left">jyusaan雨傘</td><td align="right">MichaelderBeste2</tr><tr><td align="left"><i class="fa fa-circle-o"></i> <i class="fa fa-circle-o"></i> </td><td align="right"><i class="fa fa-circle-o"></i> <i class="fa fa-circle-o"></i> </tr></table>
|uhtml|bestof|<h2><strong>Game 1</strong> of <a href="/game-bestof3-gen9randombattle-2592314746">a best-of-3</a></h2>
|t:|1776978148
|gametype|singles
|player|p1|jyusaan雨傘|emma|
|player|p2|MichaelderBeste2|#splxviisharks|
|gen|9
|tier|[Gen 9] Random Battle
|rule|Species Clause: Limit one of each Pokémon
|rule|HP Percentage Mod: HP is shown in percentages
|rule|Sleep Clause Mod: Limit one foe put to sleep
|rule|Illusion Level Mod: Illusion disguises the Pokémon's true level
|raw|<div class="infobox"><details class="readmore" open><summary><strong>1 custom rule:</strong></summary> Best of = 3</details></div>
|
|t:|1776978148
|teamsize|p1|6
|teamsize|p2|6
|start
|switch|p1a: Drifblim|Drifblim, L86, F|396/396
|switch|p2a: Flareon|Flareon, L90, F|263/263
|turn|1
|c|☆jyusaan雨傘|hf
|inactive|Battle timer is ON: inactive players will automatically lose when time's up. (requested by MichaelderBeste2)
|c|☆MichaelderBeste2|hf
|inactive|jyusaan雨傘 has 270 seconds left.
|inactive|MichaelderBeste2 has 270 seconds left.
|inactive|MichaelderBeste2 has 240 seconds left.
|
|t:|1776978244
|switch|p2a: Toedscruel|Toedscruel, L87, M|281/281
|move|p1a: Drifblim|Strength Sap|p2a: Toedscruel
|-unboost|p2a: Toedscruel|atk|1
|
|upkeep
|turn|2
|inactive|jyusaan雨傘 has 270 seconds left.
|
|t:|1776978295
|switch|p1a: Gallade|Gallade, L80, M|240/240
|move|p2a: Toedscruel|Spore|p1a: Gallade
|-status|p1a: Gallade|slp|[from] move: Spore
|
|upkeep
|turn|3
|inactive|jyusaan雨傘 has 240 seconds left.
|inactive|MichaelderBeste2 has 270 seconds left.
|inactive|MichaelderBeste2 has 240 seconds left.
|
|t:|1776978349
|switch|p2a: Sceptile|Sceptile, L87, M|264/264
|switch|p1a: Drifblim|Drifblim, L86, F|396/396
|
|upkeep
|turn|4
|inactive|jyusaan雨傘 has 240 seconds left.
|l|☆MichaelderBeste2
|inactive|MichaelderBeste2 disconnected and has 300 seconds to reconnect!
|player|p2|
|
|t:|1776978370
|move|p2a: Sceptile|Swords Dance|p2a: Sceptile
|-boost|p2a: Sceptile|atk|2
|move|p1a: Drifblim|Air Slash|p2a: Sceptile
|-supereffective|p2a: Sceptile
|-damage|p2a: Sceptile|106/264
|
|upkeep
|turn|5
|j|☆MichaelderBeste2
|inactive|MichaelderBeste2 reconnected and has 255 seconds left.
|player|p2|MichaelderBeste2|#splxviisharks|
|
|t:|1776978395
|switch|p1a: Ursaluna|Ursaluna-Bloodmoon, L79, M|308/308
|move|p2a: Sceptile|Rock Slide|p1a: Ursaluna
|-resisted|p1a: Ursaluna
|-damage|p1a: Ursaluna|253/308
|-damage|p2a: Sceptile|80/264|[from] item: Life Orb
|
|-heal|p1a: Ursaluna|272/308|[from] item: Leftovers
|upkeep
|turn|6
|
|t:|1776978399
|switch|p1a: Gogoat|Gogoat, L88, M|360/360
|move|p2a: Sceptile|Leaf Blade|p1a: Gogoat
|-ability|p1a: Gogoat|Sap Sipper|boost
|-boost|p1a: Gogoat|atk|1
|
|upkeep
|turn|7
|inactive|MichaelderBeste2 has 270 seconds left.
|
|t:|1776978406
|move|p2a: Sceptile|Rock Slide|p1a: Gogoat
|-damage|p1a: Gogoat|198/360
|-damage|p2a: Sceptile|54/264|[from] item: Life Orb
|move|p1a: Gogoat|Horn Leech|p2a: Sceptile
|-resisted|p2a: Sceptile
|-damage|p2a: Sceptile|0 fnt
|-heal|p1a: Gogoat|225/360|[from] drain|[of] p2a: Sceptile
|faint|p2a: Sceptile
|
|-heal|p1a: Gogoat|247/360|[from] item: Leftovers
|upkeep
|inactive|MichaelderBeste2 has 270 seconds left.
|
|t:|1776978416
|switch|p2a: Overqwil|Overqwil, L82, M|274/274
|-ability|p2a: Overqwil|Intimidate|boost
|-unboost|p1a: Gogoat|atk|1
|turn|8
|inactive|jyusaan雨傘 has 240 seconds left.
|
|t:|1776978439
|move|p2a: Overqwil|Swords Dance|p2a: Overqwil
|-boost|p2a: Overqwil|atk|2
|move|p1a: Gogoat|Earthquake|p2a: Overqwil
|-supereffective|p2a: Overqwil
|-damage|p2a: Overqwil|128/274
|
|-heal|p1a: Gogoat|269/360|[from] item: Leftovers
|upkeep
|turn|9
|
|t:|1776978455
|move|p2a: Overqwil|Crunch|p1a: Gogoat
|-damage|p1a: Gogoat|0 fnt
|faint|p1a: Gogoat
|-damage|p2a: Overqwil|101/274|[from] item: Life Orb
|
|upkeep
|inactive|jyusaan雨傘 has 210 seconds left.
|
|t:|1776978478
|switch|p1a: Chien-Pao|Chien-Pao, L72|234/234
|-ability|p1a: Chien-Pao|Sword of Ruin
|turn|10
|inactive|jyusaan雨傘 has 210 seconds left.
|
|t:|1776978496
|switch|p2a: Cobalion|Cobalion, L80|277/277
|move|p1a: Chien-Pao|Sacred Sword|p2a: Cobalion
|-supereffective|p2a: Cobalion
|-damage|p2a: Cobalion|109/277
|
|-heal|p2a: Cobalion|126/277|[from] item: Leftovers
|upkeep
|turn|11
|inactive|jyusaan雨傘 has 210 seconds left.
|
|t:|1776978515
|move|p1a: Chien-Pao|Sacred Sword|p2a: Cobalion
|-supereffective|p2a: Cobalion
|-damage|p2a: Cobalion|0 fnt
|faint|p2a: Cobalion
|
|upkeep
|
|t:|1776978520
|switch|p2a: Azelf|Azelf, L82|257/257
|turn|12
|inactive|jyusaan雨傘 has 210 seconds left.
|inactive|jyusaan雨傘 has 180 seconds left.
|inactive|jyusaan雨傘 has 150 seconds left.
|
|t:|1776978597
|switch|p1a: Clawitzer|Clawitzer, L87, F|265/265
|move|p2a: Azelf|Nasty Plot|p2a: Azelf
|-boost|p2a: Azelf|spa|2
|
|upkeep
|turn|13
|inactive|jyusaan雨傘 has 150 seconds left.
|
|t:|1776978610
|move|p2a: Azelf|Psyshock|p1a: Clawitzer
|-damage|p1a: Clawitzer|31/265
|-damage|p2a: Azelf|232/257|[from] item: Life Orb
|move|p1a: Clawitzer|Dark Pulse|p2a: Azelf
|-supereffective|p2a: Azelf
|-damage|p2a: Azelf|0 fnt
|faint|p2a: Azelf
|
|upkeep
|
|t:|1776978616
|switch|p2a: Flareon|Flareon, L90, F|263/263
|turn|14
|inactive|jyusaan雨傘 has 150 seconds left.
|
|t:|1776978629
|move|p2a: Flareon|Trailblaze|p1a: Clawitzer
|-supereffective|p1a: Clawitzer
|-damage|p1a: Clawitzer|0 fnt
|-boost|p2a: Flareon|spe|1
|faint|p1a: Clawitzer
|
|-status|p2a: Flareon|tox|[from] item: Toxic Orb
|upkeep
|inactive|jyusaan雨傘 has 150 seconds left.
|inactive|jyusaan雨傘 has 120 seconds left.
|
|t:|1776978667
|switch|p1a: Ursaluna|Ursaluna-Bloodmoon, L79, M|272/308
|turn|15
|
|t:|1776978676
|move|p2a: Flareon|Facade|p1a: Ursaluna
|-damage|p1a: Ursaluna|93/308
|move|p1a: Ursaluna|Blood Moon|p2a: Flareon
|-damage|p2a: Flareon|128/263 tox
|
|-heal|p1a: Ursaluna|112/308|[from] item: Leftovers
|-damage|p2a: Flareon|112/263 tox|[from] psn
|upkeep
|turn|16
|inactive|jyusaan雨傘 has 120 seconds left.
|
|t:|1776978704
|move|p2a: Flareon|Facade|p1a: Ursaluna
|-damage|p1a: Ursaluna|0 fnt
|faint|p1a: Ursaluna
|
|-damage|p2a: Flareon|80/263 tox|[from] psn
|upkeep
|inactive|jyusaan雨傘 has 90 seconds left.
|inactive|jyusaan雨傘 has 60 seconds left.
|
|t:|1776978785
|switch|p1a: Drifblim|Drifblim, L86, F|396/396
|turn|17
|inactive|jyusaan雨傘 has 30 seconds left.
|inactive|MichaelderBeste2 has 270 seconds left.
|inactive|MichaelderBeste2 has 240 seconds left.
|inactive|MichaelderBeste2 has 210 seconds left.
|
|t:|1776978871
|switch|p1a: Gallade|Gallade, L80, M|240/240 slp
|move|p2a: Flareon|Flare Blitz|p1a: Gallade
|-damage|p1a: Gallade|0 fnt
|faint|p1a: Gallade
|-damage|p2a: Flareon|1/263 tox|[from] Recoil
|
|-damage|p2a: Flareon|0 fnt|[from] psn
|faint|p2a: Flareon
|upkeep
|inactive|jyusaan雨傘 has 30 seconds left this turn.
|inactive|jyusaan雨傘 has 20 seconds left.
|
|t:|1776978882
|switch|p1a: Chien-Pao|Chien-Pao, L72|234/234
|switch|p2a: Toedscruel|Toedscruel, L87, M|281/281
|-ability|p1a: Chien-Pao|Sword of Ruin
|turn|18
|inactive|jyusaan雨傘 has 30 seconds left this turn.
|inactive|MichaelderBeste2 has 210 seconds left.
|inactive|jyusaan雨傘 has 20 seconds left.
|inactive|jyusaan雨傘 has 15 seconds left.
|
|t:|1776978902
|-terastallize|p2a: Toedscruel|Water
|move|p1a: Chien-Pao|Crunch|p2a: Toedscruel
|-damage|p2a: Toedscruel|115/281
|move|p2a: Toedscruel|Spore|p1a: Chien-Pao
|-status|p1a: Chien-Pao|slp|[from] move: Spore
|
|-heal|p2a: Toedscruel|132/281|[from] item: Leftovers
|upkeep
|turn|19
|inactive|jyusaan雨傘 has 25 seconds left this turn.
|inactive|jyusaan雨傘 has 20 seconds left.
|inactive|MichaelderBeste2 has 210 seconds left.
|
|t:|1776978908
|switch|p1a: Drifblim|Drifblim, L86, F|396/396
|switch|p2a: Overqwil|Overqwil, L82, M|101/274
|-ability|p2a: Overqwil|Intimidate|boost
|-unboost|p1a: Drifblim|atk|1
|
|upkeep
|turn|20
|inactive|jyusaan雨傘 has 30 seconds left this turn.
|inactive|jyusaan雨傘 has 20 seconds left.
|inactive|MichaelderBeste2 has 210 seconds left.
|
|t:|1776978928
|move|p1a: Drifblim|Strength Sap|p2a: Overqwil
|-unboost|p2a: Overqwil|atk|1
|move|p2a: Overqwil|Gunk Shot|p1a: Drifblim
|-resisted|p1a: Drifblim
|-damage|p1a: Drifblim|309/396
|-damage|p2a: Overqwil|74/274|[from] item: Life Orb
|
|upkeep
|turn|21
|inactive|jyusaan雨傘 has 30 seconds left this turn.
|
|t:|1776978935
|move|p1a: Drifblim|Air Slash|p2a: Overqwil
|-damage|p2a: Overqwil|0 fnt
|faint|p2a: Overqwil
|
|upkeep
|c|☆MichaelderBeste2|gg
|-message|MichaelderBeste2 forfeited.
|
|win|jyusaan雨傘
|l|☆jyusaan雨傘
|player|p1|
|inactive|jyusaan雨傘 has 30 seconds to confirm battle start!
|inactive|MichaelderBeste2 has 30 seconds to confirm battle start!
|inactive|jyusaan雨傘 has 20 seconds to confirm battle start!
|inactive|MichaelderBeste2 has 20 seconds to confirm battle start!
|inactive|jyusaan雨傘 has 10 seconds to confirm battle start!
|inactive|MichaelderBeste2 has 10 seconds to confirm battle start!
||MichaelderBeste2 is ready for game 2.
|uhtml|next|Next: <a href="/battle-gen9randombattle-2592325086"><strong>Game 2 of 3</strong></a>
|j|☆jyusaan雨傘
|player|p1|jyusaan雨傘|emma|
|l|☆jyusaan雨傘
|player|p1|
|l|☆MichaelderBeste2
|player|p2|
|j|☆jyusaan雨傘
|player|p1|jyusaan雨傘|emma|
