|j|☆eloygallardo
|j|☆gaysgonnagayers
|t:|1776983634
|gametype|singles
|player|p1|eloygallardo|lucas|1300
|player|p2|gaysgonnagayers|chili|1326
|gen|9
|tier|[Gen 9] Random Battle
|rated|
|rule|Species Clause: Limit one of each Pokémon
|rule|HP Percentage Mod: HP is shown in percentages
|rule|Sleep Clause Mod: Limit one foe put to sleep
|rule|Illusion Level Mod: Illusion disguises the Pokémon's true level
|
|t:|1776983634
|teamsize|p1|6
|teamsize|p2|6
|start
|switch|p1a: Mismagius|Mismagius, L86, M|243/243
|switch|p2a: Chi-Yu|Chi-Yu, L77|211/211
|-ability|p2a: Chi-Yu|Beads of Ruin
|turn|1
|
|t:|1776983656
|switch|p1a: Basculin|Basculin, L86, M|261/261
|move|p2a: Chi-Yu|Dark Pulse|p1a: Basculin
|-damage|p1a: Basculin|0 fnt
|faint|p1a: Basculin
|
|upkeep
|inactive|Battle timer is ON: inactive players will automatically lose when time's up. (requested by eloygallardo)
|
|t:|1776983661
|switch|p1a: Slowbro|Slowbro, L85, F|300/300
|turn|2
|
|t:|1776983665
|move|p2a: Chi-Yu|Dark Pulse|p1a: Slowbro
|-supereffective|p1a: Slowbro
|-damage|p1a: Slowbro|0 fnt
|faint|p1a: Slowbro
|
|upkeep
|
|t:|1776983678
|switch|p1a: Magnezone|Magnezone, L85|258/258
|turn|3
|c|☆gaysgonnagayers|:0
|
|t:|1776983690
|switch|p2a: Garchomp|Garchomp, L74, F|282/282
|move|p1a: Magnezone|Body Press|p2a: Garchomp
|-damage|p2a: Garchomp|192/282
|-damage|p1a: Magnezone|226/258|[from] ability: Rough Skin|[of] p2a: Garchomp
|-damage|p1a: Magnezone|183/258|[from] item: Rocky Helmet|[of] p2a: Garchomp
|
|-heal|p1a: Magnezone|199/258|[from] item: Leftovers
|upkeep
|turn|4
|
|t:|1776983697
|switch|p1a: Mismagius|Mismagius, L86, M|243/243
|move|p2a: Garchomp|Spikes|p1a: Mismagius
|-sidestart|p1: eloygallardo|Spikes
|
|upkeep
|turn|5
|
|t:|1776983713
|move|p1a: Mismagius|Dazzling Gleam|p2a: Garchomp
|-supereffective|p2a: Garchomp
|-damage|p2a: Garchomp|10/282
|-damage|p1a: Mismagius|219/243|[from] item: Life Orb
|move|p2a: Garchomp|Dragon Tail|p1a: Mismagius
|-damage|p1a: Mismagius|138/243
|drag|p1a: Magnezone|Magnezone, L85|199/258
|-damage|p1a: Magnezone|167/258|[from] Spikes
|
|-heal|p1a: Magnezone|183/258|[from] item: Leftovers
|upkeep
|turn|6
|
|t:|1776983726
|move|p2a: Garchomp|Earthquake|p1a: Magnezone
|-supereffective|p1a: Magnezone
|-damage|p1a: Magnezone|0 fnt
|faint|p1a: Magnezone
|
|upkeep
|
|t:|1776983737
|switch|p1a: Mismagius|Mismagius, L86, M|138/243
|turn|7
|
|t:|1776983744
|move|p1a: Mismagius|Mystical Fire|p2a: Garchomp
|-resisted|p2a: Garchomp
|-damage|p2a: Garchomp|0 fnt
|faint|p2a: Garchomp
|-damage|p1a: Mismagius|114/243|[from] item: Life Orb
|
|upkeep
|
|t:|1776983755
|switch|p2a: Rillaboom|Rillaboom, L79, F|288/288
|-fieldstart|move: Grassy Terrain|[from] ability: Grassy Surge|[of] p2a: Rillaboom
|turn|8
|
|t:|1776983767
|move|p2a: Rillaboom|Grassy Glide|p1a: Mismagius
|-damage|p1a: Mismagius|0 fnt
|faint|p1a: Mismagius
|-damage|p2a: Rillaboom|260/288|[from] item: Life Orb
|
|-heal|p2a: Rillaboom|278/288|[from] Grassy Terrain
|upkeep
|
|t:|1776983773
|switch|p1a: Toedscruel|Toedscruel, L87, M|281/281
|-damage|p1a: Toedscruel|246/281|[from] Spikes
|turn|9
|
|t:|1776983780
|move|p2a: Rillaboom|Swords Dance|p2a: Rillaboom
|-boost|p2a: Rillaboom|atk|2
|move|p1a: Toedscruel|Toxic|p2a: Rillaboom
|-status|p2a: Rillaboom|tox
|
|-heal|p1a: Toedscruel|263/281|[from] Grassy Terrain
|-heal|p1a: Toedscruel|280/281|[from] item: Leftovers
|-heal|p2a: Rillaboom|288/288 tox|[from] Grassy Terrain
|-damage|p2a: Rillaboom|270/288 tox|[from] psn
|upkeep
|turn|10
|
|t:|1776983788
|move|p2a: Rillaboom|Grassy Glide|p1a: Toedscruel
|-damage|p1a: Toedscruel|2/281
|-damage|p2a: Rillaboom|242/288 tox|[from] item: Life Orb
|move|p1a: Toedscruel|Rapid Spin|p2a: Rillaboom
|-damage|p2a: Rillaboom|214/288 tox
|-boost|p1a: Toedscruel|spe|1
|-sideend|p1: eloygallardo|Spikes|[from] move: Rapid Spin|[of] p1a: Toedscruel
|
|-heal|p1a: Toedscruel|19/281|[from] Grassy Terrain
|-heal|p1a: Toedscruel|36/281|[from] item: Leftovers
|-heal|p2a: Rillaboom|232/288 tox|[from] Grassy Terrain
|-damage|p2a: Rillaboom|196/288 tox|[from] psn
|upkeep
|turn|11
|
|t:|1776983793
|move|p2a: Rillaboom|Grassy Glide|p1a: Toedscruel
|-damage|p1a: Toedscruel|0 fnt
|faint|p1a: Toedscruel
|-damage|p2a: Rillaboom|168/288 tox|[from] item: Life Orb
|
|-heal|p2a: Rillaboom|186/288 tox|[from] Grassy Terrain
|-damage|p2a: Rillaboom|132/288 tox|[from] psn
|upkeep
|
|t:|1776983795
|switch|p1a: Blissey|Blissey, L85, F|572/572
|turn|12
|
|t:|1776983799
|move|p2a: Rillaboom|Grassy Glide|p1a: Blissey
|-damage|p1a: Blissey|0 fnt
|faint|p1a: Blissey
|-damage|p2a: Rillaboom|104/288 tox|[from] item: Life Orb
|
|win|gaysgonnagayers
|raw|eloygallardo's rating: 1300 &rarr; <strong>1277</strong><br />(-23 for losing)
|raw|gaysgonnagayers's rating: 1326 &rarr; <strong>1345</strong><br />(+19 for winning)
|l|☆eloygallardo
|player|p1|
