|j|☆Papiloco
|j|☆wrtbrt
|t:|1776972317
|gametype|singles
|player|p1|Papiloco|#rbtt9moons|
|player|p2|wrtbrt|pokemaniac|
|gen|9
|tier|[Gen 9] Random Battle
|rule|Species Clause: Limit one of each Pokémon
|rule|HP Percentage Mod: HP is shown in percentages
|rule|Sleep Clause Mod: Limit one foe put to sleep
|rule|Illusion Level Mod: Illusion disguises the Pokémon's true level
|
|t:|1776972317
|teamsize|p1|6
|teamsize|p2|6
|start
|switch|p1a: Sylveon|Sylveon, L85, F|300/300
|switch|p2a: Weavile|Weavile, L79, M|240/240
|turn|1
|c|☆wrtbrt|on to the last one. gl hf
|c|☆Papiloco|hf
|
|t:|1776972403
|switch|p2a: Swalot|Swalot, L90, F|326/326
|move|p1a: Sylveon|Hyper Voice|p2a: Swalot
|-resisted|p2a: Swalot
|-damage|p2a: Swalot|257/326
|
|-heal|p2a: Swalot|277/326|[from] item: Leftovers
|upkeep
|turn|2
|
|t:|1776972420
|switch|p1a: Qwilfish|Qwilfish-Hisui, L83, F|244/244
|-ability|p1a: Qwilfish|Intimidate|boost
|-unboost|p2a: Swalot|atk|1
|move|p2a: Swalot|Swords Dance|p2a: Swalot
|-boost|p2a: Swalot|atk|2
|
|-heal|p2a: Swalot|297/326|[from] item: Leftovers
|upkeep
|turn|3
|
|t:|1776972439
|switch|p1a: Volbeat|Volbeat, L90, M|263/263
|move|p2a: Swalot|Earthquake|p1a: Volbeat
|-resisted|p1a: Volbeat
|-damage|p1a: Volbeat|210/263
|
|-heal|p2a: Swalot|317/326|[from] item: Leftovers
|upkeep
|turn|4
|
|t:|1776972446
|-terastallize|p2a: Swalot|Ground
|move|p1a: Volbeat|Encore|p2a: Swalot
|-start|p2a: Swalot|Encore
|move|p2a: Swalot|Earthquake|p1a: Volbeat
|-resisted|p1a: Volbeat
|-damage|p1a: Volbeat|130/263
|
|-heal|p2a: Swalot|326/326|[from] item: Leftovers
|upkeep
|turn|5
|
|t:|1776972465
|switch|p1a: Chesnaught|Chesnaught, L84, M|285/285
|move|p2a: Swalot|Earthquake|p1a: Chesnaught
|-resisted|p1a: Chesnaught
|-damage|p1a: Chesnaught|222/285
|
|-heal|p1a: Chesnaught|239/285|[from] item: Leftovers
|upkeep
|turn|6
|
|t:|1776972476
|switch|p2a: Slowbro|Slowbro-Galar, L87, F|307/307
|move|p1a: Chesnaught|Iron Defense|p1a: Chesnaught
|-boost|p1a: Chesnaught|def|2
|
|-heal|p1a: Chesnaught|256/285|[from] item: Leftovers
|upkeep
|turn|7
|
|t:|1776972503
|switch|p1a: Skuntank|Skuntank, L84, M|310/310
|move|p2a: Slowbro|Trick Room|p2a: Slowbro
|-fieldstart|move: Trick Room|[of] p2a: Slowbro
|
|upkeep
|turn|8
|
|t:|1776972531
|move|p2a: Slowbro|Fire Blast|p1a: Skuntank
|-damage|p1a: Skuntank|161/310
|-damage|p2a: Slowbro|277/307|[from] item: Life Orb
|move|p1a: Skuntank|Knock Off|p2a: Slowbro
|-supereffective|p2a: Slowbro
|-damage|p2a: Slowbro|59/307
|-enditem|p2a: Slowbro|Life Orb|[from] move: Knock Off|[of] p1a: Skuntank
|-damage|p1a: Skuntank|130/310|[from] item: Life Orb
|
|upkeep
|turn|9
|
|t:|1776972546
|switch|p2a: Swalot|Swalot, L90, F, tera:Ground|326/326
|move|p1a: Skuntank|Knock Off|p2a: Swalot
|-damage|p2a: Swalot|209/326
|-enditem|p2a: Swalot|Leftovers|[from] move: Knock Off|[of] p1a: Skuntank
|-damage|p1a: Skuntank|99/310|[from] item: Life Orb
|
|upkeep
|turn|10
|
|t:|1776972558
|switch|p1a: Volbeat|Volbeat, L90, M|130/263
|move|p2a: Swalot|Earthquake|p1a: Volbeat
|-resisted|p1a: Volbeat
|-damage|p1a: Volbeat|80/263
|
|upkeep
|turn|11
|
|t:|1776972589
|switch|p2a: Floatzel|Floatzel, L86, F|286/286
|move|p1a: Volbeat|Encore||[still]
|-fail|p1a: Volbeat
|
|-fieldend|move: Trick Room
|upkeep
|turn|12
|
|t:|1776972604
|switch|p2a: Swalot|Swalot, L90, F, tera:Ground|209/326
|move|p1a: Volbeat|Thunder Wave|p2a: Swalot
|-immune|p2a: Swalot
|
|upkeep
|turn|13
|
|t:|1776972613
|move|p1a: Volbeat|Roost|p1a: Volbeat
|-heal|p1a: Volbeat|212/263
|-singleturn|p1a: Volbeat|move: Roost
|move|p2a: Swalot|Knock Off|p1a: Volbeat
|-damage|p1a: Volbeat|143/263
|-enditem|p1a: Volbeat|Heavy-Duty Boots|[from] move: Knock Off|[of] p2a: Swalot
|
|upkeep
|turn|14
|
|t:|1776972631
|move|p1a: Volbeat|Encore|p2a: Swalot
|-start|p2a: Swalot|Encore
|move|p2a: Swalot|Knock Off|p1a: Volbeat
|-damage|p1a: Volbeat|98/263
|
|upkeep
|turn|15
|
|t:|1776972636
|move|p1a: Volbeat|Lunge|p2a: Swalot
|-damage|p2a: Swalot|134/326
|-unboost|p2a: Swalot|atk|1
|move|p2a: Swalot|Knock Off|p1a: Volbeat
|-damage|p1a: Volbeat|67/263
|
|upkeep
|turn|16
|
|t:|1776972653
|move|p1a: Volbeat|Roost|p1a: Volbeat
|-heal|p1a: Volbeat|199/263
|-singleturn|p1a: Volbeat|move: Roost
|move|p2a: Swalot|Knock Off|p1a: Volbeat
|-damage|p1a: Volbeat|168/263
|
|-end|p2a: Swalot|Encore
|upkeep
|turn|17
|
|t:|1776972664
|move|p1a: Volbeat|Lunge|p2a: Swalot
|-damage|p2a: Swalot|52/326
|-unboost|p2a: Swalot|atk|1
|move|p2a: Swalot|Gunk Shot|p1a: Volbeat
|-damage|p1a: Volbeat|105/263
|
|upkeep
|turn|18
|
|t:|1776972671
|switch|p2a: Arcanine|Arcanine, L84, M|288/288
|-ability|p2a: Arcanine|Intimidate|boost
|-unboost|p1a: Volbeat|atk|1
|move|p1a: Volbeat|Lunge|p2a: Arcanine
|-resisted|p2a: Arcanine
|-damage|p2a: Arcanine|259/288
|-unboost|p2a: Arcanine|atk|1
|
|upkeep
|turn|19
|
|t:|1776972693
|switch|p2a: Swalot|Swalot, L90, F, tera:Ground|52/326
|switch|p1a: Qwilfish|Qwilfish-Hisui, L83, F|244/244
|-ability|p1a: Qwilfish|Intimidate|boost
|-unboost|p2a: Swalot|atk|1
|
|upkeep
|turn|20
|
|t:|1776972708
|move|p1a: Qwilfish|Crunch|p2a: Swalot
|-damage|p2a: Swalot|0 fnt
|faint|p2a: Swalot
|
|upkeep
|
|t:|1776972716
|switch|p2a: Weavile|Weavile, L79, M|240/240
|turn|21
|
|t:|1776972732
|move|p2a: Weavile|Swords Dance|p2a: Weavile
|-boost|p2a: Weavile|atk|2
|move|p1a: Qwilfish|Gunk Shot|p2a: Weavile
|-damage|p2a: Weavile|87/240
|-status|p2a: Weavile|psn
|
|-damage|p2a: Weavile|57/240 psn|[from] psn
|upkeep
|turn|22
|
|t:|1776972739
|switch|p1a: Skuntank|Skuntank, L84, M|99/310
|move|p2a: Weavile|Triple Axel|p1a: Skuntank
|-damage|p1a: Skuntank|42/310
|-damage|p1a: Skuntank|0 fnt
|-damage|p2a: Weavile|0 fnt|[from] ability: Aftermath|[of] p1a: Skuntank
|faint|p1a: Skuntank
|faint|p2a: Weavile
|-hitcount|p1: Skuntank|2
|
|upkeep
|
|t:|1776972754
|switch|p2a: Slowbro|Slowbro-Galar, L87, F|161/307
|switch|p1a: Qwilfish|Qwilfish-Hisui, L83, F|244/244
|-ability|p1a: Qwilfish|Intimidate|boost
|-unboost|p2a: Slowbro|atk|1
|turn|23
|
|t:|1776972761
|switch|p2a: Arcanine|Arcanine, L84, M|259/288
|-ability|p2a: Arcanine|Intimidate|boost
|-unboost|p1a: Qwilfish|atk|1
|move|p1a: Qwilfish|Crunch|p2a: Arcanine
|-damage|p2a: Arcanine|202/288
|
|upkeep
|turn|24
|
|t:|1776972793
|move|p2a: Arcanine|Will-O-Wisp|p1a: Qwilfish|[miss]
|-miss|p2a: Arcanine|p1a: Qwilfish
|move|p1a: Qwilfish|Gunk Shot|p2a: Arcanine
|-damage|p2a: Arcanine|114/288
|-status|p2a: Arcanine|psn
|
|-damage|p2a: Arcanine|78/288 psn|[from] psn
|upkeep
|turn|25
|
|t:|1776972805
|switch|p1a: Thundurus|Thundurus, L80, M|258/258
|move|p2a: Arcanine|Close Combat|p1a: Thundurus
|-resisted|p1a: Thundurus
|-damage|p1a: Thundurus|196/258
|-unboost|p2a: Arcanine|def|1
|-unboost|p2a: Arcanine|spd|1
|
|-damage|p2a: Arcanine|42/288 psn|[from] psn
|upkeep
|turn|26
|
|t:|1776972819
|move|p1a: Thundurus|Thunderbolt|p2a: Arcanine
|-damage|p2a: Arcanine|0 fnt
|faint|p2a: Arcanine
|
|upkeep
|
|t:|1776972841
|switch|p2a: Regice|Regice, L88|284/284
|turn|27
|
|t:|1776972849
|move|p1a: Thundurus|Knock Off|p2a: Regice
|-crit|p2a: Regice
|-damage|p2a: Regice|181/284
|-enditem|p2a: Regice|Heavy-Duty Boots|[from] move: Knock Off|[of] p1a: Thundurus
|move|p2a: Regice|Ice Beam|p1a: Thundurus
|-supereffective|p1a: Thundurus
|-damage|p1a: Thundurus|0 fnt
|faint|p1a: Thundurus
|
|upkeep
|
|t:|1776972869
|switch|p1a: Sylveon|Sylveon, L85, F|300/300
|turn|28
|
|t:|1776972873
|move|p1a: Sylveon|Calm Mind|p1a: Sylveon
|-boost|p1a: Sylveon|spa|1
|-boost|p1a: Sylveon|spd|1
|move|p2a: Regice|Thunderbolt|p1a: Sylveon
|-damage|p1a: Sylveon|267/300
|
|-heal|p1a: Sylveon|285/300|[from] item: Leftovers
|upkeep
|turn|29
|
|t:|1776972883
|move|p1a: Sylveon|Hyper Voice|p2a: Regice
|-damage|p2a: Regice|93/284
|move|p2a: Regice|Thunderbolt|p1a: Sylveon
|-damage|p1a: Sylveon|247/300
|
|-heal|p1a: Sylveon|265/300|[from] item: Leftovers
|upkeep
|turn|30
|
|t:|1776972890
|move|p1a: Sylveon|Hyper Voice|p2a: Regice
|-damage|p2a: Regice|0 fnt
|faint|p2a: Regice
|
|-heal|p1a: Sylveon|283/300|[from] item: Leftovers
|upkeep
|
|t:|1776972892
|switch|p2a: Slowbro|Slowbro-Galar, L87, F|263/307
|turn|31
|
|t:|1776972903
|-terastallize|p1a: Sylveon|Steel
|move|p1a: Sylveon|Calm Mind|p1a: Sylveon
|-boost|p1a: Sylveon|spa|1
|-boost|p1a: Sylveon|spd|1
|move|p2a: Slowbro|Trick Room|p2a: Slowbro
|-fieldstart|move: Trick Room|[of] p2a: Slowbro
|
|-heal|p1a: Sylveon|300/300|[from] item: Leftovers
|upkeep
|turn|32
|
|t:|1776972912
|move|p2a: Slowbro|Fire Blast|p1a: Sylveon
|-supereffective|p1a: Sylveon
|-damage|p1a: Sylveon|244/300
|move|p1a: Sylveon|Hyper Voice|p2a: Slowbro
|-resisted|p2a: Slowbro
|-damage|p2a: Slowbro|123/307
|
|-heal|p1a: Sylveon|262/300|[from] item: Leftovers
|upkeep
|turn|33
|
|t:|1776972924
|move|p2a: Slowbro|Fire Blast|p1a: Sylveon|[miss]
|-miss|p2a: Slowbro|p1a: Sylveon
|move|p1a: Sylveon|Hyper Voice|p2a: Slowbro
|-resisted|p2a: Slowbro
|-damage|p2a: Slowbro|0 fnt
|faint|p2a: Slowbro
|
|-heal|p1a: Sylveon|280/300|[from] item: Leftovers
|upkeep
|
|t:|1776972928
|switch|p2a: Floatzel|Floatzel, L86, F|286/286
|turn|34
|c|☆Papiloco|ggs
|
|t:|1776972935
|move|p1a: Sylveon|Hyper Voice|p2a: Floatzel
|-damage|p2a: Floatzel|0 fnt
|faint|p2a: Floatzel
|
|win|Papiloco
|l|☆wrtbrt
|player|p2|
