|j|☆aci2nn
|j|☆TheLitPinata
|t:|1776977612
|gametype|singles
|player|p1|aci2nn|266|1829
|player|p2|TheLitPinata|caitlin|1834
|gen|9
|tier|[Gen 9] Random Battle
|rated|
|rule|Species Clause: Limit one of each Pokémon
|rule|HP Percentage Mod: HP is shown in percentages
|rule|Sleep Clause Mod: Limit one foe put to sleep
|rule|Illusion Level Mod: Illusion disguises the Pokémon's true level
|
|t:|1776977612
|teamsize|p1|6
|teamsize|p2|6
|start
|switch|p1a: Falinks|Falinks, L84|246/246
|switch|p2a: Trevenant|Trevenant, L89, M|296/296
|turn|1
|inactive|Battle timer is ON: inactive players will automatically lose when time's up. (requested by TheLitPinata)
|inactive|aci2nn also wants the timer to be on.
|
|t:|1776977621
|move|p1a: Falinks|Knock Off|p2a: Trevenant
|-supereffective|p2a: Trevenant
|-damage|p2a: Trevenant|106/296
|-enditem|p2a: Trevenant|Life Orb|[from] move: Knock Off|[of] p1a: Falinks
|-damage|p1a: Falinks|222/246|[from] item: Life Orb
|move|p2a: Trevenant|Will-O-Wisp|p1a: Falinks
|-status|p1a: Falinks|brn
|
|-damage|p1a: Falinks|207/246 brn|[from] brn
|upkeep
|turn|2
|j| trfg2
|
|t:|1776977632
|move|p1a: Falinks|Knock Off|p2a: Trevenant
|-supereffective|p2a: Trevenant
|-damage|p2a: Trevenant|44/296
|-damage|p1a: Falinks|183/246 brn|[from] item: Life Orb
|move|p2a: Trevenant|Poltergeist|p1a: Falinks
|-activate|p1a: Falinks|move: Poltergeist|Life Orb
|-damage|p1a: Falinks|56/246 brn
|
|-damage|p1a: Falinks|41/246 brn|[from] brn
|upkeep
|turn|3
|
|t:|1776977639
|move|p1a: Falinks|Knock Off|p2a: Trevenant
|-supereffective|p2a: Trevenant
|-damage|p2a: Trevenant|0 fnt
|faint|p2a: Trevenant
|-damage|p1a: Falinks|17/246 brn|[from] item: Life Orb
|
|-damage|p1a: Falinks|2/246 brn|[from] brn
|upkeep
|
|t:|1776977648
|switch|p2a: Gouging Fire|Gouging Fire, L74|277/277
|turn|4
|
|t:|1776977656
|move|p2a: Gouging Fire|Dragon Dance|p2a: Gouging Fire
|-boost|p2a: Gouging Fire|atk|1
|-boost|p2a: Gouging Fire|spe|1
|move|p1a: Falinks|Close Combat|p2a: Gouging Fire
|-damage|p2a: Gouging Fire|207/277
|-unboost|p1a: Falinks|def|1
|-unboost|p1a: Falinks|spd|1
|-damage|p1a: Falinks|0 fnt|[from] item: Life Orb
|faint|p1a: Falinks
|
|upkeep
|
|t:|1776977663
|switch|p1a: Ursaluna|Ursaluna-Bloodmoon, L79, M|308/308
|turn|5
|l| trfg2
|
|t:|1776977674
|move|p2a: Gouging Fire|Outrage|p1a: Ursaluna
|-damage|p1a: Ursaluna|169/308
|move|p1a: Ursaluna|Earth Power|p2a: Gouging Fire
|-supereffective|p2a: Gouging Fire
|-damage|p2a: Gouging Fire|0 fnt
|faint|p2a: Gouging Fire
|-end|p2a: Gouging Fire|Protosynthesis|[silent]
|
|-heal|p1a: Ursaluna|188/308|[from] item: Leftovers
|upkeep
|
|t:|1776977684
|switch|p2a: Florges|Florges-Yellow, L85, F|271/271
|turn|6
|
|t:|1776977696
|switch|p1a: Empoleon|Empoleon, L84, M|278/278
|move|p2a: Florges|Calm Mind|p2a: Florges
|-boost|p2a: Florges|spa|1
|-boost|p2a: Florges|spd|1
|
|upkeep
|turn|7
|
|t:|1776977701
|move|p2a: Florges|Calm Mind|p2a: Florges
|-boost|p2a: Florges|spa|1
|-boost|p2a: Florges|spd|1
|move|p1a: Empoleon|Yawn|p2a: Florges
|-start|p2a: Florges|move: Yawn|[of] p1a: Empoleon
|
|upkeep
|turn|8
|
|t:|1776977704
|move|p2a: Florges|Calm Mind|p2a: Florges
|-boost|p2a: Florges|spa|1
|-boost|p2a: Florges|spd|1
|move|p1a: Empoleon|Flip Turn|p2a: Florges
|-damage|p2a: Florges|198/271
|
|t:|1776977708
|switch|p1a: Veluza|Veluza, L85, F|292/292|[from] Flip Turn
|
|-heal|p2a: Florges|214/271|[from] item: Leftovers
|-end|p2a: Florges|move: Yawn|[silent]
|-status|p2a: Florges|slp
|upkeep
|turn|9
|
|t:|1776977713
|switch|p2a: Virizion|Virizion, L82|283/283
|move|p1a: Veluza|Aqua Cutter|p2a: Virizion
|-resisted|p2a: Virizion
|-damage|p2a: Virizion|216/283
|
|upkeep
|turn|10
|
|t:|1776977716
|switch|p1a: Talonflame|Talonflame, L83, F|265/265
|move|p2a: Virizion|Swords Dance|p2a: Virizion
|-boost|p2a: Virizion|atk|2
|
|upkeep
|turn|11
|
|t:|1776977720
|-terastallize|p2a: Virizion|Rock
|move|p1a: Talonflame|Brave Bird|p2a: Virizion
|-resisted|p2a: Virizion
|-damage|p2a: Virizion|146/283
|-damage|p1a: Talonflame|242/265|[from] Recoil
|move|p2a: Virizion|Stone Edge|p1a: Talonflame
|-supereffective|p1a: Talonflame
|-damage|p1a: Talonflame|0 fnt
|faint|p1a: Talonflame
|-damage|p2a: Virizion|118/283|[from] item: Life Orb
|
|upkeep
|
|t:|1776977742
|switch|p1a: Garganacl|Garganacl, L80, M|291/291
|turn|12
|
|t:|1776977746
|-terastallize|p1a: Garganacl|Dragon
|move|p2a: Virizion|Leaf Blade|p1a: Garganacl
|-resisted|p1a: Garganacl
|-damage|p1a: Garganacl|199/291
|-damage|p2a: Virizion|90/283|[from] item: Life Orb
|move|p1a: Garganacl|Body Press|p2a: Virizion
|-supereffective|p2a: Virizion
|-damage|p2a: Virizion|0 fnt
|faint|p2a: Virizion
|
|-heal|p1a: Garganacl|217/291|[from] item: Leftovers
|upkeep
|
|t:|1776977754
|switch|p2a: Azelf|Azelf, L82|257/257
|turn|13
|
|t:|1776977760
|move|p2a: Azelf|Nasty Plot|p2a: Azelf
|-boost|p2a: Azelf|spa|2
|move|p1a: Garganacl|Salt Cure|p2a: Azelf
|-damage|p2a: Azelf|212/257
|-start|p2a: Azelf|Salt Cure
|
|-heal|p1a: Garganacl|235/291|[from] item: Leftovers
|-damage|p2a: Azelf|180/257|[from] Salt Cure
|upkeep
|turn|14
|
|t:|1776977784
|move|p2a: Azelf|Dazzling Gleam|p1a: Garganacl
|-supereffective|p1a: Garganacl
|-damage|p1a: Garganacl|0 fnt
|faint|p1a: Garganacl
|-damage|p2a: Azelf|155/257|[from] item: Life Orb
|
|-damage|p2a: Azelf|123/257|[from] Salt Cure
|upkeep
|
|t:|1776977789
|switch|p1a: Empoleon|Empoleon, L84, M|278/278
|turn|15
|
|t:|1776977792
|move|p2a: Azelf|Fire Blast|p1a: Empoleon|[miss]
|-miss|p2a: Azelf|p1a: Empoleon
|move|p1a: Empoleon|Surf|p2a: Azelf
|-damage|p2a: Azelf|0 fnt
|faint|p2a: Azelf
|
|upkeep
|
|t:|1776977803
|switch|p2a: Florges|Florges-Yellow, L85, F|214/271 slp
|turn|16
|
|t:|1776977805
|switch|p1a: Veluza|Veluza, L85, F|292/292
|cant|p2a: Florges|slp
|
|-heal|p2a: Florges|230/271 slp|[from] item: Leftovers
|upkeep
|turn|17
|
|t:|1776977808
|cant|p2a: Florges|slp
|move|p1a: Veluza|Fillet Away|p1a: Veluza
|-boost|p1a: Veluza|atk|2
|-boost|p1a: Veluza|spa|2
|-boost|p1a: Veluza|spe|2
|-damage|p1a: Veluza|146/292
|-enditem|p1a: Veluza|Sitrus Berry|[eat]
|-heal|p1a: Veluza|219/292|[from] item: Sitrus Berry
|
|-heal|p2a: Florges|246/271 slp|[from] item: Leftovers
|upkeep
|turn|18
|
|t:|1776977810
|move|p1a: Veluza|Aqua Cutter|p2a: Florges
|-damage|p2a: Florges|0 fnt
|faint|p2a: Florges
|
|upkeep
|-message|TheLitPinata forfeited.
|
|win|aci2nn
|raw|aci2nn's rating: 1829 &rarr; <strong>1849</strong><br />(+20 for winning)
|raw|TheLitPinata's rating: 1834 &rarr; <strong>1814</strong><br />(-20 for losing)
|l|☆TheLitPinata
|player|p2|
