|j|☆GUSTofWind87
|j|☆gustisadog
|t:|1776982846
|gametype|singles
|player|p1|GUSTofWind87|1|
|player|p2|gustisadog|169|
|gen|9
|tier|[Gen 9] Random Battle
|rule|Species Clause: Limit one of each Pokémon
|rule|HP Percentage Mod: HP is shown in percentages
|rule|Sleep Clause Mod: Limit one foe put to sleep
|rule|Illusion Level Mod: Illusion disguises the Pokémon's true level
|
|t:|1776982846
|teamsize|p1|6
|teamsize|p2|6
|start
|switch|p1a: Whiscash|Whiscash, L88, F|337/337
|switch|p2a: Ampharos|Ampharos, L88, F|302/302
|turn|1
|
|t:|1776982879
|switch|p2a: Gliscor|Gliscor, L76, M|239/239
|move|p1a: Whiscash|Stealth Rock|p2a: Gliscor
|-sidestart|p2: gustisadog|move: Stealth Rock
|
|-status|p2a: Gliscor|tox|[from] item: Toxic Orb
|upkeep
|turn|2
|
|t:|1776982892
|move|p2a: Gliscor|Substitute|p2a: Gliscor
|-start|p2a: Gliscor|Substitute
|-damage|p2a: Gliscor|180/239 tox
|move|p1a: Whiscash|Spikes|p2a: Gliscor
|-sidestart|p2: gustisadog|Spikes
|
|-heal|p2a: Gliscor|209/239 tox|[from] ability: Poison Heal
|upkeep
|turn|3
|
|t:|1776982900
|move|p2a: Gliscor|Earthquake|p1a: Whiscash
|-damage|p1a: Whiscash|250/337
|move|p1a: Whiscash|Spikes|p2a: Gliscor
|-sidestart|p2: gustisadog|Spikes
|
|-heal|p1a: Whiscash|271/337|[from] item: Leftovers
|-heal|p2a: Gliscor|238/239 tox|[from] ability: Poison Heal
|upkeep
|turn|4
|
|t:|1776982912
|move|p2a: Gliscor|Toxic|p1a: Whiscash
|-status|p1a: Whiscash|tox
|move|p1a: Whiscash|Spikes|p2a: Gliscor
|-sidestart|p2: gustisadog|Spikes
|
|-heal|p1a: Whiscash|292/337 tox|[from] item: Leftovers
|-heal|p2a: Gliscor|239/239 tox|[from] ability: Poison Heal
|-damage|p1a: Whiscash|271/337 tox|[from] psn
|upkeep
|turn|5
|
|t:|1776982936
|move|p2a: Gliscor|Earthquake|p1a: Whiscash
|-damage|p1a: Whiscash|184/337 tox
|move|p1a: Whiscash|Hydro Pump|p2a: Gliscor
|-supereffective|p2a: Gliscor
|-crit|p2a: Gliscor
|-end|p2a: Gliscor|Substitute
|
|-heal|p1a: Whiscash|205/337 tox|[from] item: Leftovers
|-damage|p1a: Whiscash|163/337 tox|[from] psn
|upkeep
|turn|6
|
|t:|1776982946
|move|p2a: Gliscor|Protect|p2a: Gliscor
|-singleturn|p2a: Gliscor|Protect
|move|p1a: Whiscash|Hydro Pump|p2a: Gliscor
|-activate|p2a: Gliscor|move: Protect
|
|-heal|p1a: Whiscash|184/337 tox|[from] item: Leftovers
|-damage|p1a: Whiscash|121/337 tox|[from] psn
|upkeep
|turn|7
|
|t:|1776982954
|move|p2a: Gliscor|Substitute|p2a: Gliscor
|-start|p2a: Gliscor|Substitute
|-damage|p2a: Gliscor|180/239 tox
|move|p1a: Whiscash|Hydro Pump|p2a: Gliscor|[miss]
|-miss|p1a: Whiscash|p2a: Gliscor
|
|-heal|p1a: Whiscash|142/337 tox|[from] item: Leftovers
|-heal|p2a: Gliscor|209/239 tox|[from] ability: Poison Heal
|-damage|p1a: Whiscash|58/337 tox|[from] psn
|upkeep
|turn|8
|
|t:|1776982964
|move|p2a: Gliscor|Earthquake|p1a: Whiscash
|-damage|p1a: Whiscash|0 fnt
|faint|p1a: Whiscash
|
|-heal|p2a: Gliscor|238/239 tox|[from] ability: Poison Heal
|upkeep
|
|t:|1776983000
|switch|p1a: Jumpluff|Jumpluff, L87, M|271/271
|turn|9
|
|t:|1776983015
|move|p1a: Jumpluff|Leech Seed|p2a: Gliscor
|-start|p2a: Gliscor|move: Leech Seed
|move|p2a: Gliscor|Toxic|p1a: Jumpluff
|-status|p1a: Jumpluff|tox
|
|-damage|p2a: Gliscor|209/239 tox|[from] Leech Seed|[of] p1a: Jumpluff
|-damage|p1a: Jumpluff|255/271 tox|[from] psn
|-heal|p2a: Gliscor|238/239 tox|[from] ability: Poison Heal
|upkeep
|turn|10
|
|t:|1776983027
|move|p2a: Gliscor|Protect|p2a: Gliscor
|-singleturn|p2a: Gliscor|Protect
|move|p1a: Jumpluff|Substitute|p1a: Jumpluff
|-start|p1a: Jumpluff|Substitute
|-damage|p1a: Jumpluff|188/271 tox
|
|-damage|p2a: Gliscor|209/239 tox|[from] Leech Seed|[of] p1a: Jumpluff
|-heal|p1a: Jumpluff|217/271 tox|[silent]
|-damage|p1a: Jumpluff|185/271 tox|[from] psn
|-heal|p2a: Gliscor|238/239 tox|[from] ability: Poison Heal
|upkeep
|turn|11
|
|t:|1776983038
|move|p1a: Jumpluff|Strength Sap|p2a: Gliscor
|-unboost|p2a: Gliscor|atk|1
|-heal|p1a: Jumpluff|271/271 tox
|move|p2a: Gliscor|Earthquake|p1a: Jumpluff
|-immune|p1a: Jumpluff
|
|-damage|p2a: Gliscor|209/239 tox|[from] Leech Seed|[of] p1a: Jumpluff
|-damage|p1a: Jumpluff|223/271 tox|[from] psn
|-heal|p2a: Gliscor|238/239 tox|[from] ability: Poison Heal
|upkeep
|turn|12
|
|t:|1776983052
|move|p2a: Gliscor|Protect|p2a: Gliscor
|-singleturn|p2a: Gliscor|Protect
|move|p1a: Jumpluff|Acrobatics|p2a: Gliscor
|-activate|p2a: Gliscor|move: Protect
|
|-damage|p2a: Gliscor|209/239 tox|[from] Leech Seed|[of] p1a: Jumpluff
|-heal|p1a: Jumpluff|252/271 tox|[silent]
|-damage|p1a: Jumpluff|188/271 tox|[from] psn
|-heal|p2a: Gliscor|238/239 tox|[from] ability: Poison Heal
|upkeep
|turn|13
|
|t:|1776983063
|move|p1a: Jumpluff|Strength Sap|p2a: Gliscor
|-unboost|p2a: Gliscor|atk|1
|-heal|p1a: Jumpluff|271/271 tox
|move|p2a: Gliscor|Toxic||[still]
|-fail|p2a: Gliscor
|
|-damage|p2a: Gliscor|209/239 tox|[from] Leech Seed|[of] p1a: Jumpluff
|-damage|p1a: Jumpluff|191/271 tox|[from] psn
|-heal|p2a: Gliscor|238/239 tox|[from] ability: Poison Heal
|upkeep
|turn|14
|
|t:|1776983075
|move|p1a: Jumpluff|Strength Sap|p2a: Gliscor
|-unboost|p2a: Gliscor|atk|1
|-heal|p1a: Jumpluff|271/271 tox
|move|p2a: Gliscor|Substitute|p2a: Gliscor
|-fail|p2a: Gliscor|move: Substitute
|
|-damage|p2a: Gliscor|209/239 tox|[from] Leech Seed|[of] p1a: Jumpluff
|-damage|p1a: Jumpluff|175/271 tox|[from] psn
|-heal|p2a: Gliscor|238/239 tox|[from] ability: Poison Heal
|upkeep
|turn|15
|
|t:|1776983103
|move|p2a: Gliscor|Protect|p2a: Gliscor
|-singleturn|p2a: Gliscor|Protect
|move|p1a: Jumpluff|Strength Sap|p2a: Gliscor
|-activate|p2a: Gliscor|move: Protect
|
|-damage|p2a: Gliscor|209/239 tox|[from] Leech Seed|[of] p1a: Jumpluff
|-heal|p1a: Jumpluff|204/271 tox|[silent]
|-damage|p1a: Jumpluff|92/271 tox|[from] psn
|-heal|p2a: Gliscor|238/239 tox|[from] ability: Poison Heal
|upkeep
|turn|16
|
|t:|1776983115
|switch|p1a: Kingdra|Kingdra, L84, F|263/263
|move|p2a: Gliscor|Protect||[still]
|-fail|p2a: Gliscor
|
|-damage|p2a: Gliscor|209/239 tox|[from] Leech Seed|[of] p1a: Kingdra
|-heal|p2a: Gliscor|238/239 tox|[from] ability: Poison Heal
|upkeep
|turn|17
|
|t:|1776983131
|move|p1a: Kingdra|Wave Crash|p2a: Gliscor
|-supereffective|p2a: Gliscor
|-crit|p2a: Gliscor
|-end|p2a: Gliscor|Substitute
|-damage|p1a: Kingdra|244/263|[from] Recoil|[of] p2a: Gliscor
|-damage|p1a: Kingdra|218/263|[from] item: Life Orb
|move|p2a: Gliscor|Toxic|p1a: Kingdra
|-status|p1a: Kingdra|tox
|
|-damage|p2a: Gliscor|209/239 tox|[from] Leech Seed|[of] p1a: Kingdra
|-heal|p1a: Kingdra|247/263 tox|[silent]
|-damage|p1a: Kingdra|231/263 tox|[from] psn
|-heal|p2a: Gliscor|238/239 tox|[from] ability: Poison Heal
|upkeep
|turn|18
|
|t:|1776983144
|move|p1a: Kingdra|Wave Crash|p2a: Gliscor
|-supereffective|p2a: Gliscor
|-damage|p2a: Gliscor|0 fnt
|faint|p2a: Gliscor
|-damage|p1a: Kingdra|152/263 tox|[from] Recoil
|-damage|p1a: Kingdra|126/263 tox|[from] item: Life Orb
|
|-damage|p1a: Kingdra|94/263 tox|[from] psn
|upkeep
|
|t:|1776983177
|switch|p2a: Brambleghast|Brambleghast, L88, F|240/240
|-damage|p2a: Brambleghast|210/240|[from] Stealth Rock
|-damage|p2a: Brambleghast|150/240|[from] Spikes
|turn|19
|
|t:|1776983188
|move|p2a: Brambleghast|Substitute|p2a: Brambleghast
|-start|p2a: Brambleghast|Substitute
|-damage|p2a: Brambleghast|90/240
|move|p1a: Kingdra|Draco Meteor|p2a: Brambleghast
|-end|p2a: Brambleghast|Substitute
|-unboost|p1a: Kingdra|spa|2
|-damage|p1a: Kingdra|68/263 tox|[from] item: Life Orb
|
|-heal|p2a: Brambleghast|105/240|[from] item: Leftovers
|-damage|p1a: Kingdra|20/263 tox|[from] psn
|upkeep
|turn|20
|
|t:|1776983216
|switch|p1a: Jumpluff|Jumpluff, L87, M|92/271 tox
|move|p2a: Brambleghast|Poltergeist||[still]
|-fail|p2a: Brambleghast
|
|-heal|p2a: Brambleghast|120/240|[from] item: Leftovers
|-damage|p1a: Jumpluff|76/271 tox|[from] psn
|upkeep
|turn|21
|
|t:|1776983227
|move|p1a: Jumpluff|Leech Seed|p2a: Brambleghast
|-immune|p2a: Brambleghast
|move|p2a: Brambleghast|Substitute|p2a: Brambleghast
|-start|p2a: Brambleghast|Substitute
|-damage|p2a: Brambleghast|60/240
|
|-heal|p2a: Brambleghast|75/240|[from] item: Leftovers
|-damage|p1a: Jumpluff|44/271 tox|[from] psn
|upkeep
|turn|22
|
|t:|1776983240
|move|p1a: Jumpluff|Acrobatics|p2a: Brambleghast
|-supereffective|p2a: Brambleghast
|-damage|p2a: Brambleghast|0 fnt
|faint|p2a: Brambleghast
|
|-damage|p1a: Jumpluff|0 fnt|[from] psn
|faint|p1a: Jumpluff
|upkeep
|
|t:|1776983261
|switch|p1a: Kingdra|Kingdra, L84, F|20/263 tox
|switch|p2a: Slowking|Slowking-Galar, L85, M|300/300
|-damage|p2a: Slowking|263/300|[from] Stealth Rock
|-damage|p2a: Slowking|188/300|[from] Spikes
|turn|23
|
|t:|1776983274
|move|p1a: Kingdra|Draco Meteor|p2a: Slowking
|-damage|p2a: Slowking|85/300
|-unboost|p1a: Kingdra|spa|2
|-damage|p1a: Kingdra|0 fnt|[from] item: Life Orb
|faint|p1a: Kingdra
|move|p2a: Slowking|Sludge Bomb|p1: Kingdra|[notarget]
|-fail|p2a: Slowking
|
|upkeep
|
|t:|1776983284
|switch|p1a: Sableye|Sableye, L88, F|231/231
|turn|24
|
|t:|1776983299
|move|p1a: Sableye|Knock Off|p2a: Slowking
|-supereffective|p2a: Slowking
|-damage|p2a: Slowking|0 fnt
|-enditem|p2a: Slowking|Assault Vest|[from] move: Knock Off|[of] p1a: Sableye
|faint|p2a: Slowking
|
|upkeep
|
|t:|1776983313
|switch|p2a: Glimmora|Glimmora, L75, M|248/248
|-damage|p2a: Glimmora|217/248|[from] Stealth Rock
|-damage|p2a: Glimmora|155/248|[from] Spikes
|turn|25
|
|t:|1776983328
|move|p1a: Sableye|Thunder Wave|p2a: Glimmora
|-status|p2a: Glimmora|par
|move|p2a: Glimmora|Meteor Beam||[still]
|-prepare|p2a: Glimmora|Meteor Beam
|-boost|p2a: Glimmora|spa|1
|-enditem|p2a: Glimmora|Power Herb
|-anim|p2a: Glimmora|Meteor Beam|p1a: Sableye
|-damage|p1a: Sableye|12/231
|
|-heal|p1a: Sableye|26/231|[from] item: Leftovers
|upkeep
|turn|26
|
|t:|1776983340
|move|p1a: Sableye|Recover|p1a: Sableye
|-heal|p1a: Sableye|142/231
|cant|p2a: Glimmora|par
|
|-heal|p1a: Sableye|156/231|[from] item: Leftovers
|upkeep
|turn|27
|
|t:|1776983350
|-terastallize|p2a: Glimmora|Grass
|move|p1a: Sableye|Recover|p1a: Sableye
|-heal|p1a: Sableye|231/231
|move|p2a: Glimmora|Energy Ball|p1a: Sableye
|-damage|p1a: Sableye|63/231
|
|-heal|p1a: Sableye|77/231|[from] item: Leftovers
|upkeep
|turn|28
|
|t:|1776983373
|move|p1a: Sableye|Recover|p1a: Sableye
|-heal|p1a: Sableye|193/231
|move|p2a: Glimmora|Energy Ball|p1a: Sableye
|-damage|p1a: Sableye|22/231
|-unboost|p1a: Sableye|spd|1
|
|-heal|p1a: Sableye|36/231|[from] item: Leftovers
|upkeep
|turn|29
|
|t:|1776983383
|switch|p1a: Venusaur|Venusaur, L84, F|272/272
|move|p2a: Glimmora|Energy Ball|p1a: Venusaur
|-resisted|p1a: Venusaur
|-damage|p1a: Venusaur|241/272
|
|-heal|p1a: Venusaur|258/272|[from] item: Leftovers
|upkeep
|turn|30
|
|t:|1776983399
|switch|p2a: Volbeat|Volbeat, L90, M|263/263
|move|p1a: Venusaur|Sludge Bomb|p2a: Volbeat
|-damage|p2a: Volbeat|170/263
|
|-heal|p1a: Venusaur|272/272|[from] item: Leftovers
|upkeep
|turn|31
|
|t:|1776983423
|move|p2a: Volbeat|Thunder Wave|p1a: Venusaur
|-status|p1a: Venusaur|par
|move|p1a: Venusaur|Knock Off|p2a: Volbeat
|-damage|p2a: Volbeat|108/263
|-enditem|p2a: Volbeat|Heavy-Duty Boots|[from] move: Knock Off|[of] p1a: Venusaur
|
|upkeep
|turn|32
|
|t:|1776983446
|move|p2a: Volbeat|Roost|p2a: Volbeat
|-heal|p2a: Volbeat|240/263
|-singleturn|p2a: Volbeat|move: Roost
|cant|p1a: Venusaur|par
|
|upkeep
|turn|33
|
|t:|1776983455
|move|p2a: Volbeat|U-turn|p1a: Venusaur
|-damage|p1a: Venusaur|196/272 par
|
|t:|1776983458
|switch|p2a: Glimmora|Glimmora, L75, M, tera:Grass|155/248 par|[from] U-turn
|-damage|p2a: Glimmora|124/248 par|[from] Stealth Rock
|-damage|p2a: Glimmora|62/248 par|[from] Spikes
|move|p1a: Venusaur|Earth Power|p2a: Glimmora
|-resisted|p2a: Glimmora
|-damage|p2a: Glimmora|21/248 par
|
|-heal|p1a: Venusaur|213/272 par|[from] item: Leftovers
|upkeep
|turn|34
|
|t:|1776983472
|cant|p1a: Venusaur|par
|move|p2a: Glimmora|Sludge Wave|p1a: Venusaur
|-damage|p1a: Venusaur|122/272 par
|
|-heal|p1a: Venusaur|139/272 par|[from] item: Leftovers
|upkeep
|turn|35
|
|t:|1776983478
|cant|p1a: Venusaur|par
|move|p2a: Glimmora|Sludge Wave|p1a: Venusaur
|-damage|p1a: Venusaur|45/272 par
|
|-heal|p1a: Venusaur|62/272 par|[from] item: Leftovers
|upkeep
|turn|36
|
|t:|1776983486
|move|p1a: Venusaur|Synthesis|p1a: Venusaur
|-heal|p1a: Venusaur|198/272 par
|move|p2a: Glimmora|Sludge Wave|p1a: Venusaur
|-damage|p1a: Venusaur|96/272 par
|
|-heal|p1a: Venusaur|113/272 par|[from] item: Leftovers
|upkeep
|turn|37
|
|t:|1776983493
|move|p1a: Venusaur|Sludge Bomb|p2a: Glimmora
|-supereffective|p2a: Glimmora
|-damage|p2a: Glimmora|0 fnt
|faint|p2a: Glimmora
|
|-heal|p1a: Venusaur|130/272 par|[from] item: Leftovers
|upkeep
|
|t:|1776983501
|switch|p2a: Ampharos|Ampharos, L88, F|302/302
|-damage|p2a: Ampharos|265/302|[from] Stealth Rock
|-damage|p2a: Ampharos|190/302|[from] Spikes
|turn|38
|
|t:|1776983528
|move|p2a: Ampharos|Dazzling Gleam|p1a: Venusaur
|-resisted|p1a: Venusaur
|-damage|p1a: Venusaur|99/272 par
|move|p1a: Venusaur|Earth Power|p2a: Ampharos
|-supereffective|p2a: Ampharos
|-damage|p2a: Ampharos|114/302
|
|-heal|p1a: Venusaur|116/272 par|[from] item: Leftovers
|upkeep
|turn|39
|
|t:|1776983546
|move|p2a: Ampharos|Discharge|p1a: Venusaur
|-resisted|p1a: Venusaur
|-damage|p1a: Venusaur|71/272 par
|move|p1a: Venusaur|Knock Off|p2a: Ampharos
|-damage|p2a: Ampharos|58/302
|-enditem|p2a: Ampharos|Assault Vest|[from] move: Knock Off|[of] p1a: Venusaur
|
|-heal|p1a: Venusaur|88/272 par|[from] item: Leftovers
|upkeep
|turn|40
|
|t:|1776983555
|move|p2a: Ampharos|Discharge|p1a: Venusaur
|-resisted|p1a: Venusaur
|-damage|p1a: Venusaur|40/272 par
|move|p1a: Venusaur|Earth Power|p2a: Ampharos
|-supereffective|p2a: Ampharos
|-crit|p2a: Ampharos
|-damage|p2a: Ampharos|0 fnt
|faint|p2a: Ampharos
|
|-heal|p1a: Venusaur|57/272 par|[from] item: Leftovers
|upkeep
|
|t:|1776983564
|switch|p2a: Volbeat|Volbeat, L90, M|240/263
|-damage|p2a: Volbeat|175/263|[from] Stealth Rock
|-damage|p2a: Volbeat|110/263|[from] Spikes
|turn|41
|
|t:|1776983570
|move|p2a: Volbeat|U-turn|p1a: Venusaur
|-damage|p1a: Venusaur|0 fnt
|faint|p1a: Venusaur
|
|upkeep
|
|t:|1776983573
|switch|p1a: Sableye|Sableye, L88, F|36/231
|turn|42
|
|t:|1776983584
|move|p1a: Sableye|Thunder Wave|p2a: Volbeat
|-status|p2a: Volbeat|par
|move|p2a: Volbeat|U-turn|p1a: Sableye
|-damage|p1a: Sableye|0 fnt
|faint|p1a: Sableye
|
|upkeep
|
|t:|1776983590
|switch|p1a: Mew|Mew, L82|298/298
|turn|43
|
|t:|1776983601
|-terastallize|p1a: Mew|Dark
|move|p2a: Volbeat|Roost|p2a: Volbeat
|-heal|p2a: Volbeat|242/263 par
|-singleturn|p2a: Volbeat|move: Roost
|move|p1a: Mew|Psychic Noise|p2a: Volbeat
|-damage|p2a: Volbeat|163/263 par
|-start|p2a: Volbeat|move: Heal Block
|
|upkeep
|turn|44
|
|t:|1776983621
|move|p1a: Mew|Psychic Noise|p2a: Volbeat
|-damage|p2a: Volbeat|94/263 par
|move|p2a: Volbeat|U-turn|p1a: Mew
|-supereffective|p1a: Mew
|-damage|p1a: Mew|160/298
|
|-heal|p1a: Mew|178/298|[from] item: Leftovers
|-end|p2a: Volbeat|move: Heal Block
|upkeep
|turn|45
|
|t:|1776983631
|move|p2a: Volbeat|Roost|p2a: Volbeat
|-heal|p2a: Volbeat|226/263 par
|-singleturn|p2a: Volbeat|move: Roost
|move|p1a: Mew|Psychic Noise|p2a: Volbeat
|-damage|p2a: Volbeat|147/263 par
|-start|p2a: Volbeat|move: Heal Block
|
|-heal|p1a: Mew|196/298|[from] item: Leftovers
|upkeep
|turn|46
|
|t:|1776983646
|cant|p2a: Volbeat|par
|move|p1a: Mew|Knock Off|p2a: Volbeat
|-damage|p2a: Volbeat|81/263 par
|
|-heal|p1a: Mew|214/298|[from] item: Leftovers
|-end|p2a: Volbeat|move: Heal Block
|upkeep
|turn|47
|
|t:|1776983653
|move|p2a: Volbeat|Roost|p2a: Volbeat
|-heal|p2a: Volbeat|213/263 par
|-singleturn|p2a: Volbeat|move: Roost
|move|p1a: Mew|Encore|p2a: Volbeat
|-start|p2a: Volbeat|Encore
|
|-heal|p1a: Mew|232/298|[from] item: Leftovers
|upkeep
|turn|48
|
|t:|1776983660
|move|p2a: Volbeat|Roost|p2a: Volbeat
|-heal|p2a: Volbeat|263/263 par
|-singleturn|p2a: Volbeat|move: Roost
|move|p1a: Mew|Psychic Noise|p2a: Volbeat
|-damage|p2a: Volbeat|184/263 par
|-start|p2a: Volbeat|move: Heal Block
|
|-heal|p1a: Mew|250/298|[from] item: Leftovers
|upkeep
|turn|49
|
|t:|1776983670
|move|p1a: Mew|Psychic Noise|p2a: Volbeat
|-damage|p2a: Volbeat|115/263 par
|-activate|p2a: Volbeat|move: Struggle
|move|p2a: Volbeat|Struggle|p1a: Mew
|-damage|p1a: Mew|218/298
|-damage|p2a: Volbeat|49/263 par|[from] recoil
|
|-heal|p1a: Mew|236/298|[from] item: Leftovers
|-end|p2a: Volbeat|move: Heal Block
|upkeep
|turn|50
|
|t:|1776983680
|move|p2a: Volbeat|Roost|p2a: Volbeat
|-heal|p2a: Volbeat|181/263 par
|-singleturn|p2a: Volbeat|move: Roost
|move|p1a: Mew|Psychic Noise|p2a: Volbeat
|-damage|p2a: Volbeat|114/263 par
|-start|p2a: Volbeat|move: Heal Block
|
|-heal|p1a: Mew|254/298|[from] item: Leftovers
|-end|p2a: Volbeat|Encore
|upkeep
|turn|51
|
|t:|1776983690
|move|p2a: Volbeat|Thunder Wave|p1a: Mew
|-hint|Since gen 7, Dark is immune to Prankster moves.
|-immune|p1a: Mew
|move|p1a: Mew|Psychic Noise|p2a: Volbeat
|-damage|p2a: Volbeat|45/263 par
|
|-heal|p1a: Mew|272/298|[from] item: Leftovers
|-end|p2a: Volbeat|move: Heal Block
|upkeep
|turn|52
|
|t:|1776983703
|move|p2a: Volbeat|Roost|p2a: Volbeat
|-heal|p2a: Volbeat|177/263 par
|-singleturn|p2a: Volbeat|move: Roost
|move|p1a: Mew|Psychic Noise|p2a: Volbeat
|-damage|p2a: Volbeat|99/263 par
|-start|p2a: Volbeat|move: Heal Block
|
|-heal|p1a: Mew|290/298|[from] item: Leftovers
|upkeep
|turn|53
|
|t:|1776983713
|move|p1a: Mew|Psychic Noise|p2a: Volbeat
|-damage|p2a: Volbeat|21/263 par
|move|p2a: Volbeat|U-turn|p1a: Mew
|-supereffective|p1a: Mew
|-damage|p1a: Mew|152/298
|
|-heal|p1a: Mew|170/298|[from] item: Leftovers
|-end|p2a: Volbeat|move: Heal Block
|upkeep
|turn|54
|
|t:|1776983722
|move|p2a: Volbeat|Roost|p2a: Volbeat
|-heal|p2a: Volbeat|153/263 par
|-singleturn|p2a: Volbeat|move: Roost
|move|p1a: Mew|Psychic Noise|p2a: Volbeat
|-damage|p2a: Volbeat|72/263 par
|-start|p2a: Volbeat|move: Heal Block
|
|-heal|p1a: Mew|188/298|[from] item: Leftovers
|upkeep
|turn|55
|
|t:|1776983732
|move|p1a: Mew|Psychic Noise|p2a: Volbeat
|-damage|p2a: Volbeat|3/263 par
|move|p2a: Volbeat|U-turn|p1a: Mew
|-supereffective|p1a: Mew
|-crit|p1a: Mew
|-damage|p1a: Mew|0 fnt
|faint|p1a: Mew
|
|win|gustisadog
