|j|☆BustardKeith
|j|☆nanderberry
|t:|1776969638
|gametype|singles
|player|p1|BustardKeith|1|1612
|player|p2|nanderberry|1|1572
|gen|9
|tier|[Gen 9] Random Battle
|rated|
|rule|Species Clause: Limit one of each Pokémon
|rule|HP Percentage Mod: HP is shown in percentages
|rule|Sleep Clause Mod: Limit one foe put to sleep
|rule|Illusion Level Mod: Illusion disguises the Pokémon's true level
|
|t:|1776969638
|teamsize|p1|6
|teamsize|p2|6
|start
|switch|p1a: Qwilfish|Qwilfish-Hisui, L83, F|244/244
|switch|p2a: Empoleon|Empoleon, L84, F|278/278
|-ability|p1a: Qwilfish|Intimidate|boost
|-unboost|p2a: Empoleon|atk|1
|-ability|p2a: Empoleon|Competitive|boost
|-boost|p2a: Empoleon|spa|2
|turn|1
|inactive|Battle timer is ON: inactive players will automatically lose when time's up. (requested by BustardKeith)
|
|t:|1776969679
|move|p1a: Qwilfish|Spikes|p2a: Empoleon
|-sidestart|p2: nanderberry|Spikes
|move|p2a: Empoleon|Stealth Rock|p1a: Qwilfish
|-sidestart|p1: BustardKeith|move: Stealth Rock
|
|upkeep
|turn|2
|l|☆BustardKeith
|inactive|BustardKeith disconnected and has a minute to reconnect!
|player|p1|
|j|☆BustardKeith
|inactive|BustardKeith reconnected and has 125 seconds left.
|player|p1|BustardKeith|1|
|inactive|BustardKeith has 120 seconds left.
|
|t:|1776969709
|move|p1a: Qwilfish|Spikes|p2a: Empoleon
|-sidestart|p2: nanderberry|Spikes
|move|p2a: Empoleon|Yawn|p1a: Qwilfish
|-start|p1a: Qwilfish|move: Yawn|[of] p2a: Empoleon
|
|upkeep
|turn|3
|inactive|BustardKeith has 120 seconds left.
|
|t:|1776969722
|switch|p1a: Trevenant|Trevenant, L89, M|296/296
|-damage|p1a: Trevenant|259/296|[from] Stealth Rock
|move|p2a: Empoleon|Surf|p1a: Trevenant
|-resisted|p1a: Trevenant
|-damage|p1a: Trevenant|148/296
|
|upkeep
|turn|4
|
|t:|1776969730
|move|p1a: Trevenant|Drain Punch|p2a: Empoleon
|-supereffective|p2a: Empoleon
|-damage|p2a: Empoleon|109/278
|-heal|p1a: Trevenant|233/296|[from] drain|[of] p2a: Empoleon
|-damage|p1a: Trevenant|204/296|[from] item: Life Orb
|move|p2a: Empoleon|Yawn|p1a: Trevenant
|-start|p1a: Trevenant|move: Yawn|[of] p2a: Empoleon
|
|-heal|p2a: Empoleon|126/278|[from] item: Leftovers
|upkeep
|turn|5
|
|t:|1776969741
|switch|p2a: Pecharunt|Pecharunt, L77|262/262
|-damage|p2a: Pecharunt|219/262|[from] Spikes
|move|p1a: Trevenant|Drain Punch|p2a: Pecharunt
|-immune|p2a: Pecharunt
|
|-heal|p2a: Pecharunt|235/262|[from] item: Leftovers
|-end|p1a: Trevenant|move: Yawn|[silent]
|-status|p1a: Trevenant|slp
|upkeep
|turn|6
|
|t:|1776969751
|-curestatus|p1a: Trevenant|slp|[from] ability: Natural Cure
|switch|p1a: Qwilfish|Qwilfish-Hisui, L83, F|244/244
|-damage|p1a: Qwilfish|214/244|[from] Stealth Rock
|-ability|p1a: Qwilfish|Intimidate|boost
|-unboost|p2a: Pecharunt|atk|1
|move|p2a: Pecharunt|Nasty Plot|p2a: Pecharunt
|-boost|p2a: Pecharunt|spa|2
|
|-heal|p2a: Pecharunt|251/262|[from] item: Leftovers
|upkeep
|turn|7
|
|t:|1776969778
|switch|p2a: Empoleon|Empoleon, L84, F|126/278
|-damage|p2a: Empoleon|80/278|[from] Spikes
|move|p1a: Qwilfish|Crunch|p2a: Empoleon
|-damage|p2a: Empoleon|0 fnt
|faint|p2a: Empoleon
|
|upkeep
|
|t:|1776969786
|switch|p2a: Ho-Oh|Ho-Oh, L71|268/268
|turn|8
|
|t:|1776969807
|switch|p1a: Kingdra|Kingdra, L84, M|263/263
|-damage|p1a: Kingdra|231/263|[from] Stealth Rock
|move|p2a: Ho-Oh|Sacred Fire|p1a: Kingdra
|-resisted|p1a: Kingdra
|-damage|p1a: Kingdra|207/263
|-status|p1a: Kingdra|brn
|-enditem|p1a: Kingdra|Lum Berry|[eat]
|-curestatus|p1a: Kingdra|brn|[msg]
|
|upkeep
|turn|9
|inactive|nanderberry has 120 seconds left.
|inactive|BustardKeith has 120 seconds left.
|
|t:|1776969841
|move|p1a: Kingdra|Dragon Dance|p1a: Kingdra
|-boost|p1a: Kingdra|atk|1
|-boost|p1a: Kingdra|spe|1
|move|p2a: Ho-Oh|Sacred Fire|p1a: Kingdra
|-resisted|p1a: Kingdra
|-damage|p1a: Kingdra|183/263
|-status|p1a: Kingdra|brn
|
|-damage|p1a: Kingdra|167/263 brn|[from] brn
|upkeep
|turn|10
|inactive|nanderberry has 120 seconds left.
|
|t:|1776969850
|move|p1a: Kingdra|Wave Crash|p2a: Ho-Oh
|-supereffective|p2a: Ho-Oh
|-damage|p2a: Ho-Oh|39/268
|-damage|p1a: Kingdra|91/263 brn|[from] Recoil
|move|p2a: Ho-Oh|Brave Bird|p1a: Kingdra
|-damage|p1a: Kingdra|0 fnt
|faint|p1a: Kingdra
|-damage|p2a: Ho-Oh|9/268|[from] Recoil
|
|upkeep
|inactive|BustardKeith has 120 seconds left.
|
|t:|1776969861
|switch|p1a: Qwilfish|Qwilfish-Hisui, L83, F|214/244
|-damage|p1a: Qwilfish|184/244|[from] Stealth Rock
|-ability|p1a: Qwilfish|Intimidate|boost
|-unboost|p2a: Ho-Oh|atk|1
|turn|11
|
|t:|1776969872
|switch|p2a: Furret|Furret, L94, M|312/312
|-damage|p2a: Furret|260/312|[from] Spikes
|-item|p1a: Qwilfish|Eviolite|[from] ability: Frisk|[of] p2a: Furret
|move|p1a: Qwilfish|Crunch|p2a: Furret
|-damage|p2a: Furret|176/312
|-unboost|p2a: Furret|def|1
|
|upkeep
|turn|12
|
|t:|1776969887
|switch|p1a: Trevenant|Trevenant, L89, M|204/296
|-damage|p1a: Trevenant|167/296|[from] Stealth Rock
|move|p2a: Furret|Knock Off|p1a: Trevenant
|-supereffective|p1a: Trevenant
|-crit|p1a: Trevenant
|-damage|p1a: Trevenant|0 fnt
|-enditem|p1a: Trevenant|Life Orb|[from] move: Knock Off|[of] p2a: Furret
|faint|p1a: Trevenant
|
|upkeep
|
|t:|1776969894
|switch|p1a: Grimmsnarl|Grimmsnarl, L83, M|293/293
|-damage|p1a: Grimmsnarl|257/293|[from] Stealth Rock
|turn|13
|
|t:|1776969914
|switch|p2a: Hypno|Hypno, L95, M|315/315
|-damage|p2a: Hypno|263/315|[from] Spikes
|move|p1a: Grimmsnarl|Spirit Break|p2a: Hypno
|-damage|p2a: Hypno|163/315
|-unboost|p2a: Hypno|spa|1
|
|-heal|p2a: Hypno|182/315|[from] item: Leftovers
|-heal|p1a: Grimmsnarl|275/293|[from] item: Leftovers
|upkeep
|turn|14
|
|t:|1776969928
|move|p1a: Grimmsnarl|Taunt|p2a: Hypno
|-start|p2a: Hypno|move: Taunt
|move|p2a: Hypno|Knock Off|p1a: Grimmsnarl
|-resisted|p1a: Grimmsnarl
|-damage|p1a: Grimmsnarl|253/293
|-enditem|p1a: Grimmsnarl|Leftovers|[from] move: Knock Off|[of] p2a: Hypno
|
|-heal|p2a: Hypno|201/315|[from] item: Leftovers
|upkeep
|turn|15
|
|t:|1776969943
|switch|p2a: Pecharunt|Pecharunt, L77|251/262
|-damage|p2a: Pecharunt|208/262|[from] Spikes
|move|p1a: Grimmsnarl|Spirit Break|p2a: Pecharunt
|-resisted|p2a: Pecharunt
|-damage|p2a: Pecharunt|175/262
|-unboost|p2a: Pecharunt|spa|1
|
|-heal|p2a: Pecharunt|191/262|[from] item: Leftovers
|upkeep
|turn|16
|
|t:|1776969953
|move|p1a: Grimmsnarl|Parting Shot|p2a: Pecharunt
|-unboost|p2a: Pecharunt|atk|1
|-unboost|p2a: Pecharunt|spa|1
|
|t:|1776969963
|switch|p1a: Munkidori|Munkidori, L79, M|269/269|[from] Parting Shot
|-damage|p1a: Munkidori|236/269|[from] Stealth Rock
|move|p2a: Pecharunt|Malignant Chain|p1a: Munkidori
|-resisted|p1a: Munkidori
|-damage|p1a: Munkidori|220/269
|
|-heal|p2a: Pecharunt|207/262|[from] item: Leftovers
|upkeep
|turn|17
|
|t:|1776969974
|move|p1a: Munkidori|Psychic Noise|p2a: Pecharunt
|-supereffective|p2a: Pecharunt
|-damage|p2a: Pecharunt|25/262
|-start|p2a: Pecharunt|move: Heal Block
|move|p2a: Pecharunt|Shadow Ball|p1a: Munkidori
|-supereffective|p1a: Munkidori
|-damage|p1a: Munkidori|176/269
|
|upkeep
|turn|18
|
|t:|1776969984
|switch|p2a: Cryogonal|Cryogonal, L89|287/287
|move|p1a: Munkidori|Psychic Noise|p2a: Cryogonal
|-damage|p2a: Cryogonal|224/287
|-start|p2a: Cryogonal|move: Heal Block
|
|upkeep
|turn|19
|
|t:|1776969993
|move|p2a: Cryogonal|Rapid Spin|p1a: Munkidori
|-crit|p1a: Munkidori
|-damage|p1a: Munkidori|124/269
|-boost|p2a: Cryogonal|spe|1
|-sideend|p2: nanderberry|Spikes|[from] move: Rapid Spin|[of] p2a: Cryogonal
|move|p1a: Munkidori|Sludge Wave|p2a: Cryogonal
|-damage|p2a: Cryogonal|145/287
|-status|p2a: Cryogonal|tox|[from] ability: Toxic Chain|[of] p1a: Munkidori
|
|-damage|p2a: Cryogonal|128/287 tox|[from] psn
|-end|p2a: Cryogonal|move: Heal Block
|upkeep
|turn|20
|
|t:|1776970004
|move|p2a: Cryogonal|Freeze-Dry|p1a: Munkidori
|-damage|p1a: Munkidori|66/269
|move|p1a: Munkidori|U-turn|p2a: Cryogonal
|-damage|p2a: Cryogonal|75/287 tox
|
|t:|1776970012
|switch|p1a: Skeledirge|Skeledirge, L79, F|294/294|[from] U-turn
|
|-damage|p2a: Cryogonal|41/287 tox|[from] psn
|upkeep
|turn|21
|
|t:|1776970019
|switch|p2a: Hypno|Hypno, L95, M|201/315
|move|p1a: Skeledirge|Flame Charge|p2a: Hypno
|-damage|p2a: Hypno|164/315
|-boost|p1a: Skeledirge|spe|1
|
|-heal|p2a: Hypno|183/315|[from] item: Leftovers
|upkeep
|turn|22
|
|t:|1776970031
|move|p1a: Skeledirge|Torch Song|p2a: Hypno
|-damage|p2a: Hypno|128/315
|-boost|p1a: Skeledirge|spa|1
|move|p2a: Hypno|Toxic|p1a: Skeledirge
|-status|p1a: Skeledirge|tox
|
|-heal|p2a: Hypno|147/315|[from] item: Leftovers
|-damage|p1a: Skeledirge|276/294 tox|[from] psn
|upkeep
|turn|23
|
|t:|1776970041
|move|p1a: Skeledirge|Shadow Ball|p2a: Hypno
|-supereffective|p2a: Hypno
|-damage|p2a: Hypno|0 fnt
|faint|p2a: Hypno
|
|-damage|p1a: Skeledirge|240/294 tox|[from] psn
|upkeep
|
|t:|1776970049
|switch|p2a: Furret|Furret, L94, M|176/312
|-item|p1a: Skeledirge|Heavy-Duty Boots|[from] ability: Frisk|[of] p2a: Furret
|turn|24
|
|t:|1776970055
|move|p1a: Skeledirge|Torch Song|p2a: Furret
|-damage|p2a: Furret|26/312
|-boost|p1a: Skeledirge|spa|1
|move|p2a: Furret|Knock Off|p1a: Skeledirge
|-supereffective|p1a: Skeledirge
|-damage|p1a: Skeledirge|38/294 tox
|-enditem|p1a: Skeledirge|Heavy-Duty Boots|[from] move: Knock Off|[of] p2a: Furret
|
|-damage|p1a: Skeledirge|0 fnt|[from] psn
|faint|p1a: Skeledirge
|upkeep
|
|t:|1776970060
|switch|p1a: Grimmsnarl|Grimmsnarl, L83, M|253/293
|-damage|p1a: Grimmsnarl|217/293|[from] Stealth Rock
|turn|25
|
|t:|1776970071
|switch|p2a: Cryogonal|Cryogonal, L89|41/287 tox
|move|p1a: Grimmsnarl|Spirit Break|p2a: Cryogonal
|-damage|p2a: Cryogonal|0 fnt
|faint|p2a: Cryogonal
|
|upkeep
|
|t:|1776970078
|switch|p2a: Ho-Oh|Ho-Oh, L71|98/268
|turn|26
|
|t:|1776970096
|-terastallize|p2a: Ho-Oh|Ground
|move|p1a: Grimmsnarl|Sucker Punch||[still]
|-fail|p1a: Grimmsnarl
|move|p2a: Ho-Oh|Recover|p2a: Ho-Oh
|-heal|p2a: Ho-Oh|232/268
|
|upkeep
|turn|27
|inactive|BustardKeith has 120 seconds left.
|
|t:|1776970122
|move|p1a: Grimmsnarl|Parting Shot|p2a: Ho-Oh
|-unboost|p2a: Ho-Oh|atk|1
|-unboost|p2a: Ho-Oh|spa|1
|
|t:|1776970123
|switch|p1a: Qwilfish|Qwilfish-Hisui, L83, F|184/244|[from] Parting Shot
|-damage|p1a: Qwilfish|154/244|[from] Stealth Rock
|-ability|p1a: Qwilfish|Intimidate|boost
|-unboost|p2a: Ho-Oh|atk|1
|move|p2a: Ho-Oh|Earthquake|p1a: Qwilfish
|-supereffective|p1a: Qwilfish
|-damage|p1a: Qwilfish|82/244
|
|upkeep
|turn|28
|
|t:|1776970134
|move|p1a: Qwilfish|Gunk Shot|p2a: Ho-Oh
|-resisted|p2a: Ho-Oh
|-damage|p2a: Ho-Oh|163/268
|move|p2a: Ho-Oh|Sacred Fire|p1a: Qwilfish
|-damage|p1a: Qwilfish|48/244
|
|upkeep
|turn|29
|
|t:|1776970148
|switch|p2a: Pecharunt|Pecharunt, L77|25/262
|move|p1a: Qwilfish|Spikes|p2a: Pecharunt
|-sidestart|p2: nanderberry|Spikes
|
|-heal|p2a: Pecharunt|41/262|[from] item: Leftovers
|upkeep
|turn|30
|
|t:|1776970157
|move|p1a: Qwilfish|Crunch|p2a: Pecharunt
|-supereffective|p2a: Pecharunt
|-damage|p2a: Pecharunt|0 fnt
|faint|p2a: Pecharunt
|
|upkeep
|
|t:|1776970162
|switch|p2a: Ho-Oh|Ho-Oh, L71, tera:Ground|252/268
|turn|31
|
|t:|1776970182
|-terastallize|p1a: Qwilfish|Flying
|move|p1a: Qwilfish|Gunk Shot|p2a: Ho-Oh
|-resisted|p2a: Ho-Oh
|-damage|p2a: Ho-Oh|178/268
|move|p2a: Ho-Oh|Earthquake|p1a: Qwilfish
|-immune|p1a: Qwilfish
|
|upkeep
|turn|32
|
|t:|1776970191
|move|p1a: Qwilfish|Taunt|p2a: Ho-Oh
|-start|p2a: Ho-Oh|move: Taunt
|move|p2a: Ho-Oh|Brave Bird|p1a: Qwilfish
|-damage|p1a: Qwilfish|0 fnt
|faint|p1a: Qwilfish
|-damage|p2a: Ho-Oh|162/268|[from] Recoil
|
|upkeep
|
|t:|1776970193
|switch|p1a: Munkidori|Munkidori, L79, M|66/269
|-damage|p1a: Munkidori|33/269|[from] Stealth Rock
|turn|33
|
|t:|1776970205
|switch|p2a: Furret|Furret, L94, M|26/312
|-damage|p2a: Furret|0 fnt|[from] Spikes
|faint|p2a: Furret
|move|p1a: Munkidori|Fake Out|p2: Furret|[notarget]
|-fail|p1a: Munkidori
|
|upkeep
|
|t:|1776970210
|switch|p2a: Ho-Oh|Ho-Oh, L71, tera:Ground|251/268
|turn|34
|
|t:|1776970220
|move|p1a: Munkidori|Psychic Noise|p2a: Ho-Oh
|-damage|p2a: Ho-Oh|182/268
|-start|p2a: Ho-Oh|move: Heal Block
|-status|p2a: Ho-Oh|tox|[from] ability: Toxic Chain|[of] p1a: Munkidori
|move|p2a: Ho-Oh|Earthquake|p1a: Munkidori
|-supereffective|p1a: Munkidori
|-damage|p1a: Munkidori|0 fnt
|faint|p1a: Munkidori
|
|-damage|p2a: Ho-Oh|166/268 tox|[from] psn
|upkeep
|
|t:|1776970226
|switch|p1a: Grimmsnarl|Grimmsnarl, L83, M|217/293
|-damage|p1a: Grimmsnarl|181/293|[from] Stealth Rock
|turn|35
|
|t:|1776970234
|move|p1a: Grimmsnarl|Sucker Punch|p2a: Ho-Oh
|-damage|p2a: Ho-Oh|60/268 tox
|move|p2a: Ho-Oh|Earthquake|p1a: Grimmsnarl
|-damage|p1a: Grimmsnarl|60/293
|
|-damage|p2a: Ho-Oh|28/268 tox|[from] psn
|-end|p2a: Ho-Oh|move: Heal Block
|upkeep
|turn|36
|inactive|BustardKeith has 120 seconds left.
|
|t:|1776970265
|move|p1a: Grimmsnarl|Taunt|p2a: Ho-Oh
|-start|p2a: Ho-Oh|move: Taunt
|move|p2a: Ho-Oh|Earthquake|p1a: Grimmsnarl
|-damage|p1a: Grimmsnarl|0 fnt
|faint|p1a: Grimmsnarl
|
|win|nanderberry
|raw|BustardKeith's rating: 1612 &rarr; <strong>1590</strong><br />(-22 for losing)
|raw|nanderberry's rating: 1572 &rarr; <strong>1594</strong><br />(+22 for winning)
|l|☆BustardKeith
|player|p1|
