|j|☆hatsunekubaa
|j|☆Padam32
|t:|1776973984
|gametype|singles
|player|p1|hatsunekubaa|iris-gen5bw2|
|player|p2|Padam32|170|
|gen|9
|tier|[Gen 9] Random Battle
|rule|Species Clause: Limit one of each Pokémon
|rule|HP Percentage Mod: HP is shown in percentages
|rule|Sleep Clause Mod: Limit one foe put to sleep
|rule|Illusion Level Mod: Illusion disguises the Pokémon's true level
|
|t:|1776973984
|teamsize|p1|6
|teamsize|p2|6
|start
|switch|p1a: Ogerpon|Ogerpon-Wellspring, L76, F|247/247
|switch|p2a: Golem|Golem-Alola, L93, F|300/300
|turn|1
|
|t:|1776974000
|-terastallize|p2a: Golem|Grass
|move|p1a: Ogerpon|Wood Hammer|p2a: Golem
|-resisted|p2a: Golem
|-damage|p2a: Golem|255/300
|-damage|p1a: Ogerpon|232/247|[from] Recoil
|move|p2a: Golem|Double-Edge|p1a: Ogerpon
|-damage|p1a: Ogerpon|0 fnt
|faint|p1a: Ogerpon
|-damage|p2a: Golem|178/300|[from] Recoil
|
|upkeep
|
|t:|1776974010
|switch|p1a: Iron Jugulis|Iron Jugulis, L77|271/271
|turn|2
|
|t:|1776974016
|move|p1a: Iron Jugulis|U-turn|p2a: Golem
|-supereffective|p2a: Golem
|-damage|p2a: Golem|126/300
|
|t:|1776974025
|-end|p1a: Iron Jugulis|Quark Drive|[silent]
|switch|p1a: Kricketune|Kricketune, L99, F|312/312|[from] U-turn
|move|p2a: Golem|Double-Edge|p1a: Kricketune
|-damage|p1a: Kricketune|0 fnt
|faint|p1a: Kricketune
|-damage|p2a: Golem|23/300|[from] Recoil
|
|upkeep
|
|t:|1776974028
|switch|p1a: Falinks|Falinks, L84|246/246
|turn|3
|
|t:|1776974036
|-terastallize|p1a: Falinks|Dark
|move|p1a: Falinks|No Retreat|p1a: Falinks
|-boost|p1a: Falinks|atk|1
|-boost|p1a: Falinks|def|1
|-boost|p1a: Falinks|spa|1
|-boost|p1a: Falinks|spd|1
|-boost|p1a: Falinks|spe|1
|-start|p1a: Falinks|move: No Retreat
|move|p2a: Golem|Double-Edge|p1a: Falinks
|-damage|p1a: Falinks|62/246
|-damage|p2a: Golem|0 fnt|[from] Recoil
|faint|p2a: Golem
|
|upkeep
|
|t:|1776974055
|switch|p2a: Basculin|Basculin, L86, F|261/261
|turn|4
|
|t:|1776974068
|move|p1a: Falinks|Close Combat|p2a: Basculin
|-damage|p2a: Basculin|0 fnt
|-unboost|p1a: Falinks|def|1
|-unboost|p1a: Falinks|spd|1
|faint|p2a: Basculin
|-damage|p1a: Falinks|38/246|[from] item: Life Orb
|
|upkeep
|
|t:|1776974076
|switch|p2a: Morpeko|Morpeko, L88, M|245/245
|turn|5
|
|t:|1776974082
|move|p1a: Falinks|Close Combat|p2a: Morpeko
|-supereffective|p2a: Morpeko
|-damage|p2a: Morpeko|0 fnt
|-unboost|p1a: Falinks|def|1
|-unboost|p1a: Falinks|spd|1
|faint|p2a: Morpeko
|-damage|p1a: Falinks|14/246|[from] item: Life Orb
|
|upkeep
|
|t:|1776974092
|switch|p2a: Emboar|Emboar, L84, M|322/322
|turn|6
|
|t:|1776974098
|move|p1a: Falinks|Iron Head|p2a: Emboar
|-resisted|p2a: Emboar
|-damage|p2a: Emboar|253/322
|-damage|p1a: Falinks|0 fnt|[from] item: Life Orb
|faint|p1a: Falinks
|cant|p2a: Emboar|flinch
|
|-heal|p2a: Emboar|273/322|[from] item: Leftovers
|upkeep
|
|t:|1776974107
|switch|p1a: Iron Jugulis|Iron Jugulis, L77|271/271
|turn|7
|
|t:|1776974124
|move|p1a: Iron Jugulis|Hurricane|p2a: Emboar
|-supereffective|p2a: Emboar
|-damage|p2a: Emboar|0 fnt
|faint|p2a: Emboar
|
|upkeep
|
|t:|1776974130
|switch|p2a: Porygon2|Porygon2, L81|270/270
|-ability|p2a: Porygon2|Download|boost
|-boost|p2a: Porygon2|spa|1
|turn|8
|
|t:|1776974136
|move|p1a: Iron Jugulis|Hurricane|p2a: Porygon2
|-damage|p2a: Porygon2|146/270
|-start|p2a: Porygon2|confusion
|-activate|p2a: Porygon2|confusion
|move|p2a: Porygon2|Thunder Wave|p1a: Iron Jugulis
|-status|p1a: Iron Jugulis|par
|
|upkeep
|turn|9
|
|t:|1776974145
|-activate|p2a: Porygon2|confusion
|-damage|p2a: Porygon2|122/270|[from] confusion
|move|p1a: Iron Jugulis|Hurricane|p2a: Porygon2|[miss]
|-miss|p1a: Iron Jugulis|p2a: Porygon2
|
|upkeep
|turn|10
|
|t:|1776974151
|-activate|p2a: Porygon2|confusion
|move|p2a: Porygon2|Recover|p2a: Porygon2
|-heal|p2a: Porygon2|257/270
|cant|p1a: Iron Jugulis|par
|
|upkeep
|turn|11
|
|t:|1776974160
|-end|p2a: Porygon2|confusion
|move|p2a: Porygon2|Tera Blast|p1a: Iron Jugulis
|-damage|p1a: Iron Jugulis|127/271 par
|cant|p1a: Iron Jugulis|par
|
|upkeep
|turn|12
|
|t:|1776974170
|-end|p1a: Iron Jugulis|Quark Drive|[silent]
|switch|p1a: Beartic|Beartic, L91, F|321/321
|move|p2a: Porygon2|Tera Blast|p1a: Beartic
|-damage|p1a: Beartic|195/321
|
|upkeep
|turn|13
|
|t:|1776974178
|move|p2a: Porygon2|Thunder Wave|p1a: Beartic
|-status|p1a: Beartic|par
|move|p1a: Beartic|Close Combat|p2a: Porygon2
|-supereffective|p2a: Porygon2
|-damage|p2a: Porygon2|77/270
|-unboost|p1a: Beartic|def|1
|-unboost|p1a: Beartic|spd|1
|
|upkeep
|turn|14
|
|t:|1776974187
|move|p2a: Porygon2|Tera Blast|p1a: Beartic
|-damage|p1a: Beartic|18/321 par
|cant|p1a: Beartic|par
|
|upkeep
|turn|15
|
|t:|1776974198
|move|p2a: Porygon2|Recover|p2a: Porygon2
|-heal|p2a: Porygon2|212/270
|move|p1a: Beartic|Close Combat|p2a: Porygon2
|-supereffective|p2a: Porygon2
|-damage|p2a: Porygon2|54/270
|-unboost|p1a: Beartic|def|1
|-unboost|p1a: Beartic|spd|1
|
|upkeep
|turn|16
|
|t:|1776974206
|move|p2a: Porygon2|Tera Blast|p1a: Beartic
|-damage|p1a: Beartic|0 fnt
|faint|p1a: Beartic
|
|upkeep
|
|t:|1776974211
|switch|p1a: Eelektross|Eelektross, L87, F|290/290
|turn|17
|
|t:|1776974218
|move|p2a: Porygon2|Tera Blast|p1a: Eelektross
|-damage|p1a: Eelektross|148/290
|move|p1a: Eelektross|Drain Punch|p2a: Porygon2
|-supereffective|p2a: Porygon2
|-damage|p2a: Porygon2|0 fnt
|-heal|p1a: Eelektross|175/290|[from] drain|[of] p2a: Porygon2
|faint|p2a: Porygon2
|
|-heal|p1a: Eelektross|193/290|[from] item: Leftovers
|upkeep
|
|t:|1776974229
|switch|p2a: Mudsdale|Mudsdale, L83, F|302/302
|turn|18
|
|t:|1776974234
|move|p1a: Eelektross|Coil|p1a: Eelektross
|-boost|p1a: Eelektross|atk|1
|-boost|p1a: Eelektross|def|1
|-boost|p1a: Eelektross|accuracy|1
|move|p2a: Mudsdale|Stealth Rock|p1a: Eelektross
|-sidestart|p1: hatsunekubaa|move: Stealth Rock
|
|-heal|p1a: Eelektross|211/290|[from] item: Leftovers
|upkeep
|turn|19
|
|t:|1776974247
|move|p1a: Eelektross|Drain Punch|p2a: Mudsdale
|-damage|p2a: Mudsdale|215/302
|-heal|p1a: Eelektross|255/290|[from] drain|[of] p2a: Mudsdale
|-ability|p2a: Mudsdale|Stamina|boost
|-boost|p2a: Mudsdale|def|1
|move|p2a: Mudsdale|Roar|p1a: Eelektross
|drag|p1a: Iron Jugulis|Iron Jugulis, L77|127/271 par
|-damage|p1a: Iron Jugulis|60/271 par|[from] Stealth Rock
|
|-heal|p2a: Mudsdale|233/302|[from] item: Leftovers
|upkeep
|turn|20
|
|t:|1776974265
|move|p2a: Mudsdale|Heavy Slam|p1a: Iron Jugulis
|-damage|p1a: Iron Jugulis|0 fnt
|faint|p1a: Iron Jugulis
|-end|p1a: Iron Jugulis|Quark Drive|[silent]
|
|-heal|p2a: Mudsdale|251/302|[from] item: Leftovers
|upkeep
|
|t:|1776974268
|switch|p1a: Eelektross|Eelektross, L87, F|255/290
|-damage|p1a: Eelektross|219/290|[from] Stealth Rock
|turn|21
|
|t:|1776974276
|move|p1a: Eelektross|Coil|p1a: Eelektross
|-boost|p1a: Eelektross|atk|1
|-boost|p1a: Eelektross|def|1
|-boost|p1a: Eelektross|accuracy|1
|move|p2a: Mudsdale|Earthquake|p1a: Eelektross
|-immune|p1a: Eelektross|[from] ability: Levitate
|
|-heal|p1a: Eelektross|237/290|[from] item: Leftovers
|-heal|p2a: Mudsdale|269/302|[from] item: Leftovers
|upkeep
|turn|22
|
|t:|1776974290
|move|p1a: Eelektross|Drain Punch|p2a: Mudsdale
|-damage|p2a: Mudsdale|212/302
|-heal|p1a: Eelektross|266/290|[from] drain|[of] p2a: Mudsdale
|-ability|p2a: Mudsdale|Stamina|boost
|-boost|p2a: Mudsdale|def|1
|move|p2a: Mudsdale|Heavy Slam|p1a: Eelektross
|-resisted|p1a: Eelektross
|-damage|p1a: Eelektross|230/290
|
|-heal|p1a: Eelektross|248/290|[from] item: Leftovers
|-heal|p2a: Mudsdale|230/302|[from] item: Leftovers
|upkeep
|turn|23
|
|t:|1776974303
|move|p1a: Eelektross|Coil|p1a: Eelektross
|-boost|p1a: Eelektross|atk|1
|-boost|p1a: Eelektross|def|1
|-boost|p1a: Eelektross|accuracy|1
|move|p2a: Mudsdale|Heavy Slam|p1a: Eelektross
|-resisted|p1a: Eelektross
|-damage|p1a: Eelektross|223/290
|
|-heal|p1a: Eelektross|241/290|[from] item: Leftovers
|-heal|p2a: Mudsdale|248/302|[from] item: Leftovers
|upkeep
|turn|24
|
|t:|1776974315
|move|p1a: Eelektross|Drain Punch|p2a: Mudsdale
|-damage|p2a: Mudsdale|191/302
|-heal|p1a: Eelektross|270/290|[from] drain|[of] p2a: Mudsdale
|-ability|p2a: Mudsdale|Stamina|boost
|-boost|p2a: Mudsdale|def|1
|move|p2a: Mudsdale|Heavy Slam|p1a: Eelektross
|-resisted|p1a: Eelektross
|-damage|p1a: Eelektross|245/290
|
|-heal|p1a: Eelektross|263/290|[from] item: Leftovers
|-heal|p2a: Mudsdale|209/302|[from] item: Leftovers
|upkeep
|turn|25
|
|t:|1776974332
|move|p1a: Eelektross|Coil|p1a: Eelektross
|-boost|p1a: Eelektross|atk|1
|-boost|p1a: Eelektross|def|1
|-boost|p1a: Eelektross|accuracy|1
|move|p2a: Mudsdale|Roar||[still]
|-fail|p2a: Mudsdale
|
|-heal|p1a: Eelektross|281/290|[from] item: Leftovers
|-heal|p2a: Mudsdale|227/302|[from] item: Leftovers
|upkeep
|turn|26
|
|t:|1776974345
|move|p1a: Eelektross|Fire Punch|p2a: Mudsdale
|-damage|p2a: Mudsdale|166/302
|-ability|p2a: Mudsdale|Stamina|boost
|-boost|p2a: Mudsdale|def|1
|move|p2a: Mudsdale|Heavy Slam|p1a: Eelektross
|-resisted|p1a: Eelektross
|-damage|p1a: Eelektross|260/290
|
|-heal|p1a: Eelektross|278/290|[from] item: Leftovers
|-heal|p2a: Mudsdale|184/302|[from] item: Leftovers
|upkeep
|turn|27
|-message|Padam32 forfeited.
|
|win|hatsunekubaa
|l|☆Padam32
|player|p2|
