|j|☆manishramanak
|j|☆Nsbs12
|t:|1776971868
|gametype|singles
|player|p1|manishramanak|265|1420
|player|p2|Nsbs12|n|1409
|gen|9
|tier|[Gen 9] Random Battle
|rated|
|rule|Species Clause: Limit one of each Pokémon
|rule|HP Percentage Mod: HP is shown in percentages
|rule|Sleep Clause Mod: Limit one foe put to sleep
|rule|Illusion Level Mod: Illusion disguises the Pokémon's true level
|
|t:|1776971868
|teamsize|p1|6
|teamsize|p2|6
|start
|switch|p1a: Raikou|Raikou, L81|278/278
|switch|p2a: Florges|Florges-Blue, L85, F|271/271
|-ability|p1a: Raikou|Pressure
|turn|1
|inactive|Battle timer is ON: inactive players will automatically lose when time's up. (requested by manishramanak)
|
|t:|1776971887
|switch|p2a: Hippowdon|Hippowdon, L82, F|311/311
|-weather|Sandstorm|[from] ability: Sand Stream|[of] p2a: Hippowdon
|move|p1a: Raikou|Substitute|p1a: Raikou
|-start|p1a: Raikou|Substitute
|-damage|p1a: Raikou|209/278
|
|-weather|Sandstorm|[upkeep]
|-damage|p1a: Raikou|192/278|[from] Sandstorm
|-heal|p1a: Raikou|209/278|[from] item: Leftovers
|upkeep
|turn|2
|l|☆Nsbs12
|inactive|Nsbs12 disconnected and has a minute to reconnect!
|player|p2|
|j|☆Nsbs12
|inactive|Nsbs12 reconnected.
|player|p2|Nsbs12|n|
|
|t:|1776971904
|-terastallize|p1a: Raikou|Grass
|move|p1a: Raikou|Calm Mind|p1a: Raikou
|-boost|p1a: Raikou|spa|1
|-boost|p1a: Raikou|spd|1
|move|p2a: Hippowdon|Earthquake|p1a: Raikou
|-resisted|p1a: Raikou
|-activate|p1a: Raikou|move: Substitute|[damage]
|
|-weather|Sandstorm|[upkeep]
|-damage|p1a: Raikou|192/278|[from] Sandstorm
|-heal|p1a: Raikou|209/278|[from] item: Leftovers
|upkeep
|turn|3
|inactive|Nsbs12 has 120 seconds left.
|
|t:|1776971943
|switch|p2a: Victreebel|Victreebel, L90, F|290/290
|move|p1a: Raikou|Calm Mind|p1a: Raikou
|-boost|p1a: Raikou|spa|1
|-boost|p1a: Raikou|spd|1
|
|-weather|Sandstorm|[upkeep]
|-damage|p1a: Raikou|192/278|[from] Sandstorm
|-damage|p2a: Victreebel|272/290|[from] Sandstorm
|-heal|p1a: Raikou|209/278|[from] item: Leftovers
|upkeep
|turn|4
|inactive|Nsbs12 has 120 seconds left.
|
|t:|1776971964
|move|p1a: Raikou|Scald|p2a: Victreebel
|-resisted|p2a: Victreebel
|-damage|p2a: Victreebel|202/290
|move|p2a: Victreebel|Sunny Day|p2a: Victreebel
|-weather|SunnyDay
|
|-weather|SunnyDay|[upkeep]
|-heal|p1a: Raikou|226/278|[from] item: Leftovers
|upkeep
|turn|5
|inactive|Nsbs12 has 120 seconds left.
|
|t:|1776971979
|move|p2a: Victreebel|Sludge Wave|p1a: Raikou
|-supereffective|p1a: Raikou
|-end|p1a: Raikou|Substitute
|-damage|p2a: Victreebel|173/290|[from] item: Life Orb
|move|p1a: Raikou|Thunderbolt|p2a: Victreebel
|-resisted|p2a: Victreebel
|-damage|p2a: Victreebel|54/290
|
|-weather|SunnyDay|[upkeep]
|-heal|p1a: Raikou|243/278|[from] item: Leftovers
|upkeep
|turn|6
|
|t:|1776971993
|-terastallize|p2a: Victreebel|Fire
|move|p2a: Victreebel|Weather Ball|p1a: Raikou
|-supereffective|p1a: Raikou
|-damage|p1a: Raikou|14/278
|-damage|p2a: Victreebel|25/290|[from] item: Life Orb
|move|p1a: Raikou|Scald|p2a: Victreebel
|-supereffective|p2a: Victreebel
|-damage|p2a: Victreebel|0 fnt
|faint|p2a: Victreebel
|
|-weather|SunnyDay|[upkeep]
|-heal|p1a: Raikou|31/278|[from] item: Leftovers
|upkeep
|
|t:|1776972003
|switch|p2a: Blaziken|Blaziken, L76, M|247/247
|turn|7
|inactive|Nsbs12 has 120 seconds left.
|
|t:|1776972029
|move|p1a: Raikou|Scald|p2a: Blaziken
|-supereffective|p2a: Blaziken
|-damage|p2a: Blaziken|85/247
|move|p2a: Blaziken|Swords Dance|p2a: Blaziken
|-boost|p2a: Blaziken|atk|2
|
|-weather|SunnyDay|[upkeep]
|-heal|p1a: Raikou|48/278|[from] item: Leftovers
|-ability|p2a: Blaziken|Speed Boost|boost
|-boost|p2a: Blaziken|spe|1
|upkeep
|turn|8
|
|t:|1776972047
|move|p2a: Blaziken|Knock Off|p1a: Raikou
|-damage|p1a: Raikou|0 fnt
|-enditem|p1a: Raikou|Leftovers|[from] move: Knock Off|[of] p2a: Blaziken
|faint|p1a: Raikou
|-damage|p2a: Blaziken|61/247|[from] item: Life Orb
|
|-weather|none
|-ability|p2a: Blaziken|Speed Boost|boost
|-boost|p2a: Blaziken|spe|1
|upkeep
|
|t:|1776972049
|switch|p1a: Regirock|Regirock, L83|268/268
|turn|9
|
|t:|1776972058
|move|p2a: Blaziken|Close Combat|p1a: Regirock
|-supereffective|p1a: Regirock
|-damage|p1a: Regirock|0 fnt
|-unboost|p2a: Blaziken|def|1
|-unboost|p2a: Blaziken|spd|1
|faint|p1a: Regirock
|-damage|p2a: Blaziken|37/247|[from] item: Life Orb
|
|-ability|p2a: Blaziken|Speed Boost|boost
|-boost|p2a: Blaziken|spe|1
|upkeep
|
|t:|1776972067
|switch|p1a: Flapple|Flapple, L88, F|266/266
|turn|10
|inactive|Nsbs12 has 120 seconds left.
|
|t:|1776972082
|move|p1a: Flapple|Sucker Punch|p2a: Blaziken
|-resisted|p2a: Blaziken
|-damage|p2a: Blaziken|0 fnt
|faint|p2a: Blaziken
|
|upkeep
|inactive|Nsbs12 has 120 seconds left.
|
|t:|1776972109
|switch|p2a: Alcremie|Alcremie-Caramel-Swirl, L90, F|263/263
|turn|11
|
|t:|1776972119
|switch|p1a: Indeedee|Indeedee-F, L90, F|272/272
|-fieldstart|move: Psychic Terrain|[from] ability: Psychic Surge|[of] p1a: Indeedee
|move|p2a: Alcremie|Alluring Voice|p1a: Indeedee
|-damage|p1a: Indeedee|184/272
|
|upkeep
|turn|12
|
|t:|1776972140
|move|p1a: Indeedee|Psyshock|p2a: Alcremie
|-damage|p2a: Alcremie|127/263
|move|p2a: Alcremie|Calm Mind|p2a: Alcremie
|-boost|p2a: Alcremie|spa|1
|-boost|p2a: Alcremie|spd|1
|
|-heal|p2a: Alcremie|143/263|[from] item: Leftovers
|upkeep
|turn|13
|
|t:|1776972149
|move|p1a: Indeedee|Psyshock|p2a: Alcremie
|-damage|p2a: Alcremie|22/263
|move|p2a: Alcremie|Recover|p2a: Alcremie
|-heal|p2a: Alcremie|154/263
|
|-heal|p2a: Alcremie|170/263|[from] item: Leftovers
|upkeep
|turn|14
|
|t:|1776972154
|move|p1a: Indeedee|Psyshock|p2a: Alcremie
|-damage|p2a: Alcremie|43/263
|move|p2a: Alcremie|Recover|p2a: Alcremie
|-heal|p2a: Alcremie|175/263
|
|-heal|p2a: Alcremie|191/263|[from] item: Leftovers
|upkeep
|turn|15
|
|t:|1776972158
|move|p1a: Indeedee|Psyshock|p2a: Alcremie
|-damage|p2a: Alcremie|67/263
|move|p2a: Alcremie|Recover|p2a: Alcremie
|-heal|p2a: Alcremie|199/263
|
|-heal|p2a: Alcremie|215/263|[from] item: Leftovers
|-fieldend|move: Psychic Terrain
|upkeep
|turn|16
|
|t:|1776972164
|move|p1a: Indeedee|Psyshock|p2a: Alcremie
|-damage|p2a: Alcremie|110/263
|move|p2a: Alcremie|Recover|p2a: Alcremie
|-heal|p2a: Alcremie|242/263
|
|-heal|p2a: Alcremie|258/263|[from] item: Leftovers
|upkeep
|turn|17
|
|t:|1776972171
|move|p1a: Indeedee|Psyshock|p2a: Alcremie
|-damage|p2a: Alcremie|165/263
|move|p2a: Alcremie|Alluring Voice|p1a: Indeedee
|-damage|p1a: Indeedee|45/272
|
|-heal|p2a: Alcremie|181/263|[from] item: Leftovers
|upkeep
|turn|18
|
|t:|1776972176
|move|p1a: Indeedee|Psyshock|p2a: Alcremie
|-damage|p2a: Alcremie|84/263
|move|p2a: Alcremie|Recover|p2a: Alcremie
|-heal|p2a: Alcremie|216/263
|
|-heal|p2a: Alcremie|232/263|[from] item: Leftovers
|upkeep
|turn|19
|
|t:|1776972182
|move|p1a: Indeedee|Psyshock|p2a: Alcremie
|-damage|p2a: Alcremie|133/263
|move|p2a: Alcremie|Calm Mind|p2a: Alcremie
|-boost|p2a: Alcremie|spa|1
|-boost|p2a: Alcremie|spd|1
|
|-heal|p2a: Alcremie|149/263|[from] item: Leftovers
|upkeep
|turn|20
|
|t:|1776972187
|move|p1a: Indeedee|Psyshock|p2a: Alcremie
|-damage|p2a: Alcremie|43/263
|move|p2a: Alcremie|Recover|p2a: Alcremie
|-heal|p2a: Alcremie|175/263
|
|-heal|p2a: Alcremie|191/263|[from] item: Leftovers
|upkeep
|turn|21
|
|t:|1776972192
|move|p1a: Indeedee|Psyshock|p2a: Alcremie
|-damage|p2a: Alcremie|95/263
|move|p2a: Alcremie|Recover|p2a: Alcremie
|-heal|p2a: Alcremie|227/263
|
|-heal|p2a: Alcremie|243/263|[from] item: Leftovers
|upkeep
|turn|22
|
|t:|1776972218
|switch|p1a: Articuno|Articuno, L86|295/295
|-ability|p1a: Articuno|Pressure
|move|p2a: Alcremie|Alluring Voice|p1a: Articuno
|-damage|p1a: Articuno|141/295
|
|-heal|p2a: Alcremie|259/263|[from] item: Leftovers
|upkeep
|turn|23
|
|t:|1776972225
|move|p1a: Articuno|Haze|p1a: Articuno
|-clearallboost
|move|p2a: Alcremie|Alluring Voice|p1a: Articuno
|-crit|p1a: Articuno
|-damage|p1a: Articuno|20/295
|
|-heal|p2a: Alcremie|263/263|[from] item: Leftovers
|upkeep
|turn|24
|
|t:|1776972231
|move|p1a: Articuno|Roost|p1a: Articuno
|-heal|p1a: Articuno|168/295
|-singleturn|p1a: Articuno|move: Roost
|move|p2a: Alcremie|Alluring Voice|p1a: Articuno
|-damage|p1a: Articuno|80/295
|
|upkeep
|turn|25
|
|t:|1776972237
|move|p1a: Articuno|Roost|p1a: Articuno
|-heal|p1a: Articuno|228/295
|-singleturn|p1a: Articuno|move: Roost
|move|p2a: Alcremie|Calm Mind|p2a: Alcremie
|-boost|p2a: Alcremie|spa|1
|-boost|p2a: Alcremie|spd|1
|
|upkeep
|turn|26
|
|t:|1776972243
|switch|p2a: Lanturn|Lanturn, L89, F|367/367
|move|p1a: Articuno|Haze|p1a: Articuno
|-clearallboost
|
|upkeep
|turn|27
|
|t:|1776972256
|switch|p1a: Eelektross|Eelektross, L87, F|290/290
|move|p2a: Lanturn|Thunder Wave|p1a: Eelektross
|-immune|p1a: Eelektross
|
|upkeep
|turn|28
|
|t:|1776972264
|switch|p2a: Hippowdon|Hippowdon, L82, F|311/311
|-weather|Sandstorm|[from] ability: Sand Stream|[of] p2a: Hippowdon
|move|p1a: Eelektross|Coil|p1a: Eelektross
|-boost|p1a: Eelektross|atk|1
|-boost|p1a: Eelektross|def|1
|-boost|p1a: Eelektross|accuracy|1
|
|-weather|Sandstorm|[upkeep]
|-damage|p1a: Eelektross|272/290|[from] Sandstorm
|-heal|p1a: Eelektross|290/290|[from] item: Leftovers
|upkeep
|turn|29
|
|t:|1776972270
|move|p1a: Eelektross|Coil|p1a: Eelektross
|-boost|p1a: Eelektross|atk|1
|-boost|p1a: Eelektross|def|1
|-boost|p1a: Eelektross|accuracy|1
|move|p2a: Hippowdon|Curse|p2a: Hippowdon
|-unboost|p2a: Hippowdon|spe|1
|-boost|p2a: Hippowdon|atk|1
|-boost|p2a: Hippowdon|def|1
|
|-weather|Sandstorm|[upkeep]
|-damage|p1a: Eelektross|272/290|[from] Sandstorm
|-heal|p1a: Eelektross|290/290|[from] item: Leftovers
|upkeep
|turn|30
|
|t:|1776972275
|move|p1a: Eelektross|Coil|p1a: Eelektross
|-boost|p1a: Eelektross|atk|1
|-boost|p1a: Eelektross|def|1
|-boost|p1a: Eelektross|accuracy|1
|move|p2a: Hippowdon|Curse|p2a: Hippowdon
|-unboost|p2a: Hippowdon|spe|1
|-boost|p2a: Hippowdon|atk|1
|-boost|p2a: Hippowdon|def|1
|
|-weather|Sandstorm|[upkeep]
|-damage|p1a: Eelektross|272/290|[from] Sandstorm
|-heal|p1a: Eelektross|290/290|[from] item: Leftovers
|upkeep
|turn|31
|
|t:|1776972278
|move|p1a: Eelektross|Coil|p1a: Eelektross
|-boost|p1a: Eelektross|atk|1
|-boost|p1a: Eelektross|def|1
|-boost|p1a: Eelektross|accuracy|1
|move|p2a: Hippowdon|Curse|p2a: Hippowdon
|-unboost|p2a: Hippowdon|spe|1
|-boost|p2a: Hippowdon|atk|1
|-boost|p2a: Hippowdon|def|1
|
|-weather|Sandstorm|[upkeep]
|-damage|p1a: Eelektross|272/290|[from] Sandstorm
|-heal|p1a: Eelektross|290/290|[from] item: Leftovers
|upkeep
|turn|32
|
|t:|1776972281
|move|p1a: Eelektross|Coil|p1a: Eelektross
|-boost|p1a: Eelektross|atk|1
|-boost|p1a: Eelektross|def|1
|-boost|p1a: Eelektross|accuracy|1
|move|p2a: Hippowdon|Curse|p2a: Hippowdon
|-unboost|p2a: Hippowdon|spe|1
|-boost|p2a: Hippowdon|atk|1
|-boost|p2a: Hippowdon|def|1
|
|-weather|none
|upkeep
|turn|33
|
|t:|1776972283
|move|p1a: Eelektross|Coil|p1a: Eelektross
|-boost|p1a: Eelektross|atk|1
|-boost|p1a: Eelektross|def|1
|-boost|p1a: Eelektross|accuracy|1
|move|p2a: Hippowdon|Curse|p2a: Hippowdon
|-unboost|p2a: Hippowdon|spe|1
|-boost|p2a: Hippowdon|atk|1
|-boost|p2a: Hippowdon|def|1
|
|upkeep
|turn|34
|
|t:|1776972286
|move|p1a: Eelektross|Drain Punch|p2a: Hippowdon
|-damage|p2a: Hippowdon|254/311
|move|p2a: Hippowdon|Curse|p2a: Hippowdon
|-unboost|p2a: Hippowdon|spe|1
|-boost|p2a: Hippowdon|atk|1
|-boost|p2a: Hippowdon|def|1
|
|-heal|p2a: Hippowdon|273/311|[from] item: Leftovers
|upkeep
|turn|35
|
|t:|1776972291
|move|p1a: Eelektross|Fire Punch|p2a: Hippowdon
|-damage|p2a: Hippowdon|215/311
|move|p2a: Hippowdon|Stone Edge|p1a: Eelektross
|-damage|p1a: Eelektross|215/290
|
|-heal|p1a: Eelektross|233/290|[from] item: Leftovers
|-heal|p2a: Hippowdon|234/311|[from] item: Leftovers
|upkeep
|turn|36
|
|t:|1776972297
|move|p1a: Eelektross|Fire Punch|p2a: Hippowdon
|-damage|p2a: Hippowdon|183/311
|move|p2a: Hippowdon|Stone Edge|p1a: Eelektross
|-damage|p1a: Eelektross|161/290
|
|-heal|p1a: Eelektross|179/290|[from] item: Leftovers
|-heal|p2a: Hippowdon|202/311|[from] item: Leftovers
|upkeep
|turn|37
|
|t:|1776972304
|move|p1a: Eelektross|Fire Punch|p2a: Hippowdon
|-damage|p2a: Hippowdon|153/311
|move|p2a: Hippowdon|Slack Off|p2a: Hippowdon
|-heal|p2a: Hippowdon|309/311
|
|-heal|p1a: Eelektross|197/290|[from] item: Leftovers
|-heal|p2a: Hippowdon|311/311|[from] item: Leftovers
|upkeep
|turn|38
|
|t:|1776972309
|move|p1a: Eelektross|Fire Punch|p2a: Hippowdon
|-damage|p2a: Hippowdon|259/311
|move|p2a: Hippowdon|Stone Edge|p1a: Eelektross|[miss]
|-miss|p2a: Hippowdon|p1a: Eelektross
|
|-heal|p1a: Eelektross|215/290|[from] item: Leftovers
|-heal|p2a: Hippowdon|278/311|[from] item: Leftovers
|upkeep
|turn|39
|
|t:|1776972313
|move|p1a: Eelektross|Fire Punch|p2a: Hippowdon
|-damage|p2a: Hippowdon|228/311
|move|p2a: Hippowdon|Stone Edge|p1a: Eelektross
|-damage|p1a: Eelektross|132/290
|
|-heal|p1a: Eelektross|150/290|[from] item: Leftovers
|-heal|p2a: Hippowdon|247/311|[from] item: Leftovers
|upkeep
|turn|40
|
|t:|1776972317
|move|p1a: Eelektross|Fire Punch|p2a: Hippowdon
|-damage|p2a: Hippowdon|194/311
|-status|p2a: Hippowdon|brn
|move|p2a: Hippowdon|Stone Edge|p1a: Eelektross
|-damage|p1a: Eelektross|111/290
|
|-heal|p1a: Eelektross|129/290|[from] item: Leftovers
|-heal|p2a: Hippowdon|213/311 brn|[from] item: Leftovers
|-damage|p2a: Hippowdon|194/311 brn|[from] brn
|upkeep
|turn|41
|
|t:|1776972320
|move|p1a: Eelektross|Drain Punch|p2a: Hippowdon
|-crit|p2a: Hippowdon
|-damage|p2a: Hippowdon|0 fnt
|-heal|p1a: Eelektross|226/290|[from] drain|[of] p2a: Hippowdon
|faint|p2a: Hippowdon
|
|-heal|p1a: Eelektross|244/290|[from] item: Leftovers
|upkeep
|
|t:|1776972347
|switch|p2a: Lanturn|Lanturn, L89, F|367/367
|turn|42
|
|t:|1776972351
|move|p2a: Lanturn|Scald|p1a: Eelektross
|-damage|p1a: Eelektross|162/290
|-status|p1a: Eelektross|brn
|move|p1a: Eelektross|Drain Punch|p2a: Lanturn
|-damage|p2a: Lanturn|218/367
|-heal|p1a: Eelektross|237/290 brn|[from] drain|[of] p2a: Lanturn
|
|-heal|p2a: Lanturn|240/367|[from] item: Leftovers
|-heal|p1a: Eelektross|255/290 brn|[from] item: Leftovers
|-damage|p1a: Eelektross|237/290 brn|[from] brn
|upkeep
|turn|43
|
|t:|1776972367
|move|p2a: Lanturn|Scald|p1a: Eelektross
|-damage|p1a: Eelektross|152/290 brn
|move|p1a: Eelektross|Drain Punch|p2a: Lanturn
|-damage|p2a: Lanturn|77/367
|-heal|p1a: Eelektross|234/290 brn|[from] drain|[of] p2a: Lanturn
|
|-heal|p2a: Lanturn|99/367|[from] item: Leftovers
|-heal|p1a: Eelektross|252/290 brn|[from] item: Leftovers
|-damage|p1a: Eelektross|234/290 brn|[from] brn
|upkeep
|turn|44
|
|t:|1776972375
|move|p2a: Lanturn|Scald|p1a: Eelektross
|-damage|p1a: Eelektross|158/290 brn
|move|p1a: Eelektross|Drain Punch|p2a: Lanturn
|-damage|p2a: Lanturn|0 fnt
|-heal|p1a: Eelektross|208/290 brn|[from] drain|[of] p2a: Lanturn
|faint|p2a: Lanturn
|
|-heal|p1a: Eelektross|226/290 brn|[from] item: Leftovers
|-damage|p1a: Eelektross|208/290 brn|[from] brn
|upkeep
|
|t:|1776972400
|switch|p2a: Florges|Florges-Blue, L85, F|271/271
|turn|45
|
|t:|1776972407
|move|p2a: Florges|Wish|p2a: Florges
|move|p1a: Eelektross|Fire Punch|p2a: Florges
|-damage|p2a: Florges|118/271
|
|-heal|p2a: Florges|134/271|[from] item: Leftovers
|-heal|p1a: Eelektross|226/290 brn|[from] item: Leftovers
|-damage|p1a: Eelektross|208/290 brn|[from] brn
|upkeep
|turn|46
|
|t:|1776972412
|move|p2a: Florges|Protect|p2a: Florges
|-singleturn|p2a: Florges|Protect
|move|p1a: Eelektross|Fire Punch|p2a: Florges
|-activate|p2a: Florges|move: Protect
|
|-heal|p2a: Florges|269/271|[from] move: Wish|[wisher] Florges
|-heal|p2a: Florges|271/271|[from] item: Leftovers
|-heal|p1a: Eelektross|226/290 brn|[from] item: Leftovers
|-damage|p1a: Eelektross|208/290 brn|[from] brn
|upkeep
|turn|47
|
|t:|1776972415
|move|p2a: Florges|Wish|p2a: Florges
|move|p1a: Eelektross|Fire Punch|p2a: Florges
|-damage|p2a: Florges|131/271
|
|-heal|p2a: Florges|147/271|[from] item: Leftovers
|-heal|p1a: Eelektross|226/290 brn|[from] item: Leftovers
|-damage|p1a: Eelektross|208/290 brn|[from] brn
|upkeep
|turn|48
|
|t:|1776972419
|move|p2a: Florges|Protect|p2a: Florges
|-singleturn|p2a: Florges|Protect
|move|p1a: Eelektross|Fire Punch|p2a: Florges
|-activate|p2a: Florges|move: Protect
|
|-heal|p2a: Florges|271/271|[from] move: Wish|[wisher] Florges
|-heal|p1a: Eelektross|226/290 brn|[from] item: Leftovers
|-damage|p1a: Eelektross|208/290 brn|[from] brn
|upkeep
|turn|49
|
|t:|1776972425
|move|p2a: Florges|Wish|p2a: Florges
|move|p1a: Eelektross|Fire Punch|p2a: Florges
|-damage|p2a: Florges|111/271
|-status|p2a: Florges|brn
|
|-heal|p2a: Florges|127/271 brn|[from] item: Leftovers
|-heal|p1a: Eelektross|226/290 brn|[from] item: Leftovers
|-damage|p2a: Florges|111/271 brn|[from] brn
|-damage|p1a: Eelektross|208/290 brn|[from] brn
|upkeep
|turn|50
|
|t:|1776972430
|move|p2a: Florges|Protect|p2a: Florges
|-singleturn|p2a: Florges|Protect
|move|p1a: Eelektross|Drain Punch|p2a: Florges
|-activate|p2a: Florges|move: Protect
|
|-heal|p2a: Florges|246/271 brn|[from] move: Wish|[wisher] Florges
|-heal|p2a: Florges|262/271 brn|[from] item: Leftovers
|-heal|p1a: Eelektross|226/290 brn|[from] item: Leftovers
|-damage|p2a: Florges|246/271 brn|[from] brn
|-damage|p1a: Eelektross|208/290 brn|[from] brn
|upkeep
|turn|51
|
|t:|1776972434
|move|p2a: Florges|Moonblast|p1a: Eelektross
|-damage|p1a: Eelektross|82/290 brn
|move|p1a: Eelektross|Drain Punch|p2a: Florges
|-resisted|p2a: Florges
|-damage|p2a: Florges|169/271 brn
|-heal|p1a: Eelektross|121/290 brn|[from] drain|[of] p2a: Florges
|
|-heal|p2a: Florges|185/271 brn|[from] item: Leftovers
|-heal|p1a: Eelektross|139/290 brn|[from] item: Leftovers
|-damage|p2a: Florges|169/271 brn|[from] brn
|-damage|p1a: Eelektross|121/290 brn|[from] brn
|upkeep
|turn|52
|
|t:|1776972446
|move|p2a: Florges|Moonblast|p1a: Eelektross
|-damage|p1a: Eelektross|7/290 brn
|move|p1a: Eelektross|Supercell Slam|p2a: Florges
|-damage|p2a: Florges|0 fnt
|faint|p2a: Florges
|
|-heal|p1a: Eelektross|25/290 brn|[from] item: Leftovers
|-damage|p1a: Eelektross|7/290 brn|[from] brn
|upkeep
|
|t:|1776972450
|switch|p2a: Alcremie|Alcremie-Caramel-Swirl, L90, F|263/263
|turn|53
|
|t:|1776972456
|move|p2a: Alcremie|Alluring Voice|p1a: Eelektross
|-damage|p1a: Eelektross|0 fnt
|faint|p1a: Eelektross
|
|upkeep
|
|t:|1776972465
|switch|p1a: Indeedee|Indeedee-F, L90, F|45/272
|-fieldstart|move: Psychic Terrain|[from] ability: Psychic Surge|[of] p1a: Indeedee
|turn|54
|
|t:|1776972474
|move|p1a: Indeedee|Psyshock|p2a: Alcremie
|-damage|p2a: Alcremie|142/263
|move|p2a: Alcremie|Alluring Voice|p1a: Indeedee
|-damage|p1a: Indeedee|0 fnt
|faint|p1a: Indeedee
|
|-heal|p2a: Alcremie|158/263|[from] item: Leftovers
|upkeep
|
|t:|1776972480
|switch|p1a: Articuno|Articuno, L86|228/295
|-ability|p1a: Articuno|Pressure
|turn|55
|
|t:|1776972487
|move|p1a: Articuno|Freeze-Dry|p2a: Alcremie
|-damage|p2a: Alcremie|104/263
|move|p2a: Alcremie|Recover|p2a: Alcremie
|-heal|p2a: Alcremie|236/263
|
|-heal|p2a: Alcremie|252/263|[from] item: Leftovers
|upkeep
|turn|56
|
|t:|1776972496
|move|p1a: Articuno|Freeze-Dry|p2a: Alcremie
|-damage|p2a: Alcremie|198/263
|move|p2a: Alcremie|Alluring Voice|p1a: Articuno
|-damage|p1a: Articuno|147/295
|
|-heal|p2a: Alcremie|214/263|[from] item: Leftovers
|upkeep
|turn|57
|
|t:|1776972501
|move|p1a: Articuno|Roost|p1a: Articuno
|-heal|p1a: Articuno|295/295
|-singleturn|p1a: Articuno|move: Roost
|move|p2a: Alcremie|Calm Mind|p2a: Alcremie
|-boost|p2a: Alcremie|spa|1
|-boost|p2a: Alcremie|spd|1
|
|-heal|p2a: Alcremie|230/263|[from] item: Leftovers
|upkeep
|turn|58
|
|t:|1776972512
|move|p1a: Articuno|Haze|p1a: Articuno
|-clearallboost
|move|p2a: Alcremie|Alluring Voice|p1a: Articuno
|-damage|p1a: Articuno|208/295
|
|-heal|p2a: Alcremie|246/263|[from] item: Leftovers
|-fieldend|move: Psychic Terrain
|upkeep
|turn|59
|
|t:|1776972518
|move|p1a: Articuno|Freeze-Dry|p2a: Alcremie
|-damage|p2a: Alcremie|189/263
|move|p2a: Alcremie|Tera Blast|p1a: Articuno
|-damage|p1a: Articuno|151/295
|
|-heal|p2a: Alcremie|205/263|[from] item: Leftovers
|upkeep
|turn|60
|
|t:|1776972524
|move|p1a: Articuno|Freeze-Dry|p2a: Alcremie
|-damage|p2a: Alcremie|147/263
|move|p2a: Alcremie|Tera Blast|p1a: Articuno
|-damage|p1a: Articuno|98/295
|
|-heal|p2a: Alcremie|163/263|[from] item: Leftovers
|upkeep
|turn|61
|
|t:|1776972529
|move|p1a: Articuno|Roost|p1a: Articuno
|-heal|p1a: Articuno|246/295
|-singleturn|p1a: Articuno|move: Roost
|move|p2a: Alcremie|Tera Blast|p1a: Articuno
|-damage|p1a: Articuno|195/295
|
|-heal|p2a: Alcremie|179/263|[from] item: Leftovers
|upkeep
|turn|62
|
|t:|1776972535
|move|p1a: Articuno|Freeze-Dry|p2a: Alcremie
|-damage|p2a: Alcremie|124/263
|move|p2a: Alcremie|Tera Blast|p1a: Articuno
|-damage|p1a: Articuno|145/295
|
|-heal|p2a: Alcremie|140/263|[from] item: Leftovers
|upkeep
|turn|63
|
|t:|1776972539
|move|p1a: Articuno|Roost|p1a: Articuno
|-heal|p1a: Articuno|293/295
|-singleturn|p1a: Articuno|move: Roost
|move|p2a: Alcremie|Tera Blast|p1a: Articuno
|-damage|p1a: Articuno|240/295
|
|-heal|p2a: Alcremie|156/263|[from] item: Leftovers
|upkeep
|turn|64
|
|t:|1776972548
|move|p1a: Articuno|Freeze-Dry|p2a: Alcremie
|-damage|p2a: Alcremie|102/263
|move|p2a: Alcremie|Calm Mind|p2a: Alcremie
|-boost|p2a: Alcremie|spa|1
|-boost|p2a: Alcremie|spd|1
|
|-heal|p2a: Alcremie|118/263|[from] item: Leftovers
|upkeep
|turn|65
|
|t:|1776972554
|move|p1a: Articuno|Haze|p1a: Articuno
|-clearallboost
|move|p2a: Alcremie|Tera Blast|p1a: Articuno
|-damage|p1a: Articuno|183/295
|
|-heal|p2a: Alcremie|134/263|[from] item: Leftovers
|upkeep
|turn|66
|
|t:|1776972559
|move|p1a: Articuno|Roost|p1a: Articuno
|-heal|p1a: Articuno|295/295
|-singleturn|p1a: Articuno|move: Roost
|move|p2a: Alcremie|Calm Mind|p2a: Alcremie
|-boost|p2a: Alcremie|spa|1
|-boost|p2a: Alcremie|spd|1
|
|-heal|p2a: Alcremie|150/263|[from] item: Leftovers
|upkeep
|turn|67
|
|t:|1776972564
|move|p1a: Articuno|Brave Bird|p2a: Alcremie
|-damage|p2a: Alcremie|30/263
|-damage|p1a: Articuno|255/295|[from] Recoil
|move|p2a: Alcremie|Tera Blast|p1a: Articuno
|-damage|p1a: Articuno|174/295
|
|-heal|p2a: Alcremie|46/263|[from] item: Leftovers
|upkeep
|turn|68
|
|t:|1776972574
|move|p1a: Articuno|Haze|p1a: Articuno
|-clearallboost
|move|p2a: Alcremie|Alluring Voice|p1a: Articuno
|-damage|p1a: Articuno|90/295
|
|-heal|p2a: Alcremie|62/263|[from] item: Leftovers
|upkeep
|turn|69
|
|t:|1776972579
|move|p1a: Articuno|Roost|p1a: Articuno
|-heal|p1a: Articuno|238/295
|-singleturn|p1a: Articuno|move: Roost
|move|p2a: Alcremie|Tera Blast|p1a: Articuno
|-damage|p1a: Articuno|179/295
|
|-heal|p2a: Alcremie|78/263|[from] item: Leftovers
|upkeep
|turn|70
|-message|Nsbs12 forfeited.
|
|win|manishramanak
|raw|manishramanak's rating: 1420 &rarr; <strong>1441</strong><br />(+21 for winning)
|raw|Nsbs12's rating: 1430 &rarr; <strong>1409</strong><br />(-21 for losing)
|l|☆Nsbs12
|player|p2|
