|j|☆billbobbizzy
|j|☆flybeg0n
|t:|1772745281
|gametype|singles
|player|p1|billbobbizzy|2|
|player|p2|flybeg0n|169|
|gen|9
|tier|[Gen 9] Random Battle
|rule|Species Clause: Limit one of each Pokémon
|rule|HP Percentage Mod: HP is shown in percentages
|rule|Sleep Clause Mod: Limit one foe put to sleep
|rule|Illusion Level Mod: Illusion disguises the Pokémon's true level
|
|t:|1772745281
|teamsize|p1|6
|teamsize|p2|6
|start
|switch|p1a: Trevenant|Trevenant, L89, F|296/296
|switch|p2a: Sandaconda|Sandaconda, L84, M|258/258
|turn|1
|
|t:|1772745324
|switch|p2a: Hydreigon|Hydreigon, L79, F|275/275
|move|p1a: Trevenant|Horn Leech|p2a: Hydreigon
|-resisted|p2a: Hydreigon
|-damage|p2a: Hydreigon|203/275
|
|upkeep
|turn|2
|
|t:|1772745363
|switch|p1a: Kyogre|Kyogre, L71|259/259
|-weather|RainDance|[from] ability: Drizzle|[of] p1a: Kyogre
|move|p2a: Hydreigon|Dark Pulse|p1a: Kyogre
|-damage|p1a: Kyogre|151/259
|
|-weather|RainDance|[upkeep]
|upkeep
|turn|3
|
|t:|1772745408
|move|p1a: Kyogre|Ice Beam|p2a: Hydreigon
|-supereffective|p2a: Hydreigon
|-damage|p2a: Hydreigon|67/275
|move|p2a: Hydreigon|Dark Pulse|p1a: Kyogre
|-damage|p1a: Kyogre|48/259
|
|-weather|RainDance|[upkeep]
|upkeep
|turn|4
|
|t:|1772745422
|switch|p2a: Greedent|Greedent, L86, M|347/347
|move|p1a: Kyogre|Ice Beam|p2a: Greedent
|-damage|p2a: Greedent|275/347
|
|-weather|RainDance|[upkeep]
|upkeep
|turn|5
|
|t:|1772745445
|switch|p1a: Trevenant|Trevenant, L89, F|296/296
|move|p2a: Greedent|Knock Off|p1a: Trevenant
|-supereffective|p1a: Trevenant
|-damage|p1a: Trevenant|158/296
|-enditem|p1a: Trevenant|Choice Band|[from] move: Knock Off|[of] p2a: Greedent
|
|-weather|RainDance|[upkeep]
|upkeep
|turn|6
|
|t:|1772745463
|-terastallize|p1a: Trevenant|Fighting
|move|p1a: Trevenant|Drain Punch|p2a: Greedent
|-supereffective|p2a: Greedent
|-damage|p2a: Greedent|105/347
|-heal|p1a: Trevenant|243/296|[from] drain|[of] p2a: Greedent
|-enditem|p2a: Greedent|Sitrus Berry|[eat]
|-heal|p2a: Greedent|191/347|[from] item: Sitrus Berry
|-heal|p2a: Greedent|306/347|[from] ability: Cheek Pouch
|move|p2a: Greedent|Knock Off|p1a: Trevenant
|-resisted|p1a: Trevenant
|-damage|p1a: Trevenant|217/296
|
|-weather|none
|upkeep
|turn|7
|
|t:|1772745494
|switch|p2a: Landorus|Landorus-Therian, L76, M|260/260
|-ability|p2a: Landorus|Intimidate|boost
|-unboost|p1a: Trevenant|atk|1
|move|p1a: Trevenant|Drain Punch|p2a: Landorus
|-resisted|p2a: Landorus
|-damage|p2a: Landorus|227/260
|-heal|p1a: Trevenant|234/296|[from] drain|[of] p2a: Landorus
|
|-heal|p2a: Landorus|243/260|[from] item: Leftovers
|upkeep
|turn|8
|
|t:|1772745532
|switch|p1a: Kyogre|Kyogre, L71|48/259
|-weather|RainDance|[from] ability: Drizzle|[of] p1a: Kyogre
|move|p2a: Landorus|Earthquake|p1a: Kyogre
|-damage|p1a: Kyogre|0 fnt
|faint|p1a: Kyogre
|
|-weather|RainDance|[upkeep]
|-heal|p2a: Landorus|259/260|[from] item: Leftovers
|upkeep
|
|t:|1772745544
|switch|p1a: Whimsicott|Whimsicott, L84, M|238/238
|turn|9
|
|t:|1772745577
|move|p1a: Whimsicott|Leech Seed|p2a: Landorus
|-start|p2a: Landorus|move: Leech Seed
|move|p2a: Landorus|Stone Edge|p1a: Whimsicott
|-damage|p1a: Whimsicott|157/238
|
|-weather|RainDance|[upkeep]
|-heal|p1a: Whimsicott|171/238|[from] item: Leftovers
|-heal|p2a: Landorus|260/260|[from] item: Leftovers
|-damage|p2a: Landorus|228/260|[from] Leech Seed|[of] p1a: Whimsicott
|-heal|p1a: Whimsicott|203/238|[silent]
|upkeep
|turn|10
|
|t:|1772745590
|move|p1a: Whimsicott|Moonblast|p2a: Landorus
|-damage|p2a: Landorus|119/260
|-unboost|p2a: Landorus|spa|1
|move|p2a: Landorus|U-turn|p1a: Whimsicott
|-damage|p1a: Whimsicott|144/238
|
|t:|1772745621
|switch|p2a: Sandaconda|Sandaconda, L84, M|258/258|[from] U-turn
|
|-weather|RainDance|[upkeep]
|-heal|p1a: Whimsicott|158/238|[from] item: Leftovers
|upkeep
|turn|11
|
|t:|1772745632
|move|p1a: Whimsicott|Leech Seed|p2a: Sandaconda
|-start|p2a: Sandaconda|move: Leech Seed
|move|p2a: Sandaconda|Stealth Rock|p1a: Whimsicott
|-sidestart|p1: billbobbizzy|move: Stealth Rock
|
|-weather|RainDance|[upkeep]
|-heal|p1a: Whimsicott|172/238|[from] item: Leftovers
|-damage|p2a: Sandaconda|226/258|[from] Leech Seed|[of] p1a: Whimsicott
|-heal|p1a: Whimsicott|204/238|[silent]
|upkeep
|turn|12
|
|t:|1772745647
|move|p1a: Whimsicott|Encore|p2a: Sandaconda
|-start|p2a: Sandaconda|Encore
|move|p2a: Sandaconda|Stealth Rock||[still]
|-fail|p2a: Sandaconda
|
|-weather|none
|-heal|p1a: Whimsicott|218/238|[from] item: Leftovers
|-heal|p2a: Sandaconda|242/258|[from] item: Leftovers
|-damage|p2a: Sandaconda|210/258|[from] Leech Seed|[of] p1a: Whimsicott
|-heal|p1a: Whimsicott|238/238|[silent]
|upkeep
|turn|13
|
|t:|1772745667
|switch|p2a: Greedent|Greedent, L86, M|306/347
|move|p1a: Whimsicott|Moonblast|p2a: Greedent
|-damage|p2a: Greedent|215/347
|
|upkeep
|turn|14
|
|t:|1772745677
|move|p1a: Whimsicott|Leech Seed|p2a: Greedent
|-start|p2a: Greedent|move: Leech Seed
|move|p2a: Greedent|Double-Edge|p1a: Whimsicott
|-damage|p1a: Whimsicott|114/238
|-damage|p2a: Greedent|174/347|[from] Recoil
|
|-heal|p1a: Whimsicott|128/238|[from] item: Leftovers
|-damage|p2a: Greedent|131/347|[from] Leech Seed|[of] p1a: Whimsicott
|-heal|p1a: Whimsicott|171/238|[silent]
|upkeep
|turn|15
|
|t:|1772745691
|move|p1a: Whimsicott|Moonblast|p2a: Greedent
|-damage|p2a: Greedent|31/347
|move|p2a: Greedent|Double-Edge|p1a: Whimsicott
|-damage|p1a: Whimsicott|27/238
|-damage|p2a: Greedent|0 fnt|[from] Recoil
|faint|p2a: Greedent
|
|-heal|p1a: Whimsicott|41/238|[from] item: Leftovers
|upkeep
|
|t:|1772745700
|switch|p2a: Dudunsparce|Dudunsparce-Three-Segment, L83, M|343/343
|turn|16
|
|t:|1772745720
|move|p1a: Whimsicott|Leech Seed|p2a: Dudunsparce
|-start|p2a: Dudunsparce|move: Leech Seed
|move|p2a: Dudunsparce|Glare|p1a: Whimsicott
|-status|p1a: Whimsicott|par
|
|-heal|p1a: Whimsicott|55/238 par|[from] item: Leftovers
|-damage|p2a: Dudunsparce|301/343|[from] Leech Seed|[of] p1a: Whimsicott
|-heal|p1a: Whimsicott|97/238 par|[silent]
|upkeep
|turn|17
|
|t:|1772745733
|move|p2a: Dudunsparce|Earthquake|p1a: Whimsicott
|-resisted|p1a: Whimsicott
|-damage|p1a: Whimsicott|63/238 par
|move|p1a: Whimsicott|Moonblast|p2a: Dudunsparce
|-damage|p2a: Dudunsparce|204/343
|
|-heal|p2a: Dudunsparce|225/343|[from] item: Leftovers
|-heal|p1a: Whimsicott|77/238 par|[from] item: Leftovers
|-damage|p2a: Dudunsparce|183/343|[from] Leech Seed|[of] p1a: Whimsicott
|-heal|p1a: Whimsicott|119/238 par|[silent]
|upkeep
|turn|18
|
|t:|1772745744
|move|p2a: Dudunsparce|Roost|p2a: Dudunsparce
|-heal|p2a: Dudunsparce|343/343
|-singleturn|p2a: Dudunsparce|move: Roost
|cant|p1a: Whimsicott|par
|
|-heal|p1a: Whimsicott|133/238 par|[from] item: Leftovers
|-damage|p2a: Dudunsparce|301/343|[from] Leech Seed|[of] p1a: Whimsicott
|-heal|p1a: Whimsicott|175/238 par|[silent]
|upkeep
|turn|19
|
|t:|1772745765
|-terastallize|p2a: Dudunsparce|Ground
|move|p1a: Whimsicott|Substitute|p1a: Whimsicott
|-start|p1a: Whimsicott|Substitute
|-damage|p1a: Whimsicott|116/238 par
|move|p2a: Dudunsparce|Earthquake|p1a: Whimsicott
|-resisted|p1a: Whimsicott
|-activate|p1a: Whimsicott|move: Substitute|[damage]
|
|-heal|p2a: Dudunsparce|322/343|[from] item: Leftovers
|-heal|p1a: Whimsicott|130/238 par|[from] item: Leftovers
|-damage|p2a: Dudunsparce|280/343|[from] Leech Seed|[of] p1a: Whimsicott
|-heal|p1a: Whimsicott|172/238 par|[silent]
|upkeep
|turn|20
|
|t:|1772745788
|move|p2a: Dudunsparce|Headbutt|p1a: Whimsicott
|-end|p1a: Whimsicott|Substitute
|move|p1a: Whimsicott|Moonblast|p2a: Dudunsparce
|-damage|p2a: Dudunsparce|180/343
|
|-heal|p2a: Dudunsparce|201/343|[from] item: Leftovers
|-heal|p1a: Whimsicott|186/238 par|[from] item: Leftovers
|-damage|p2a: Dudunsparce|159/343|[from] Leech Seed|[of] p1a: Whimsicott
|-heal|p1a: Whimsicott|228/238 par|[silent]
|upkeep
|turn|21
|
|t:|1772745806
|move|p2a: Dudunsparce|Roost|p2a: Dudunsparce
|-heal|p2a: Dudunsparce|331/343
|move|p1a: Whimsicott|Moonblast|p2a: Dudunsparce
|-damage|p2a: Dudunsparce|234/343
|
|-heal|p2a: Dudunsparce|255/343|[from] item: Leftovers
|-heal|p1a: Whimsicott|238/238 par|[from] item: Leftovers
|-damage|p2a: Dudunsparce|213/343|[from] Leech Seed|[of] p1a: Whimsicott
|upkeep
|turn|22
|
|t:|1772745821
|move|p2a: Dudunsparce|Earthquake|p1a: Whimsicott
|-resisted|p1a: Whimsicott
|-damage|p1a: Whimsicott|187/238 par
|move|p1a: Whimsicott|Moonblast|p2a: Dudunsparce
|-damage|p2a: Dudunsparce|120/343
|
|-heal|p2a: Dudunsparce|141/343|[from] item: Leftovers
|-heal|p1a: Whimsicott|201/238 par|[from] item: Leftovers
|-damage|p2a: Dudunsparce|99/343|[from] Leech Seed|[of] p1a: Whimsicott
|-heal|p1a: Whimsicott|238/238 par|[silent]
|upkeep
|turn|23
|
|t:|1772745896
|switch|p2a: Hydreigon|Hydreigon, L79, F|67/275
|cant|p1a: Whimsicott|par
|
|upkeep
|turn|24
|
|t:|1772745921
|switch|p1a: Samurott|Samurott-Hisui, L77, M|265/265
|-damage|p1a: Samurott|232/265|[from] Stealth Rock
|move|p2a: Hydreigon|Flash Cannon|p1a: Samurott
|-resisted|p1a: Samurott
|-damage|p1a: Samurott|167/265
|
|upkeep
|turn|25
|
|t:|1772745932
|switch|p2a: Sandaconda|Sandaconda, L84, M|210/258
|move|p1a: Samurott|Sacred Sword|p2a: Sandaconda
|-damage|p2a: Sandaconda|146/258
|
|-heal|p2a: Sandaconda|162/258|[from] item: Leftovers
|upkeep
|turn|26
|
|t:|1772745966
|switch|p1a: Whimsicott|Whimsicott, L84, M|238/238 par
|-damage|p1a: Whimsicott|209/238 par|[from] Stealth Rock
|move|p2a: Sandaconda|Earthquake|p1a: Whimsicott
|-resisted|p1a: Whimsicott
|-damage|p1a: Whimsicott|147/238 par
|
|-heal|p2a: Sandaconda|178/258|[from] item: Leftovers
|-heal|p1a: Whimsicott|161/238 par|[from] item: Leftovers
|upkeep
|turn|27
|
|t:|1772745979
|move|p1a: Whimsicott|Leech Seed|p2a: Sandaconda
|-start|p2a: Sandaconda|move: Leech Seed
|move|p2a: Sandaconda|Earthquake|p1a: Whimsicott
|-resisted|p1a: Whimsicott
|-damage|p1a: Whimsicott|104/238 par
|
|-heal|p2a: Sandaconda|194/258|[from] item: Leftovers
|-heal|p1a: Whimsicott|118/238 par|[from] item: Leftovers
|-damage|p2a: Sandaconda|162/258|[from] Leech Seed|[of] p1a: Whimsicott
|-heal|p1a: Whimsicott|150/238 par|[silent]
|upkeep
|turn|28
|
|t:|1772745996
|cant|p1a: Whimsicott|par
|move|p2a: Sandaconda|Earthquake|p1a: Whimsicott
|-resisted|p1a: Whimsicott
|-damage|p1a: Whimsicott|93/238 par
|
|-heal|p2a: Sandaconda|178/258|[from] item: Leftovers
|-heal|p1a: Whimsicott|107/238 par|[from] item: Leftovers
|-damage|p2a: Sandaconda|146/258|[from] Leech Seed|[of] p1a: Whimsicott
|-heal|p1a: Whimsicott|139/238 par|[silent]
|upkeep
|turn|29
|
|t:|1772746005
|move|p1a: Whimsicott|Encore|p2a: Sandaconda
|-start|p2a: Sandaconda|Encore
|move|p2a: Sandaconda|Earthquake|p1a: Whimsicott
|-resisted|p1a: Whimsicott
|-damage|p1a: Whimsicott|80/238 par
|
|-heal|p2a: Sandaconda|162/258|[from] item: Leftovers
|-heal|p1a: Whimsicott|94/238 par|[from] item: Leftovers
|-damage|p2a: Sandaconda|130/258|[from] Leech Seed|[of] p1a: Whimsicott
|-heal|p1a: Whimsicott|126/238 par|[silent]
|upkeep
|turn|30
|
|t:|1772746014
|move|p2a: Sandaconda|Earthquake|p1a: Whimsicott
|-resisted|p1a: Whimsicott
|-damage|p1a: Whimsicott|68/238 par
|move|p1a: Whimsicott|Moonblast|p2a: Sandaconda
|-damage|p2a: Sandaconda|25/258
|-unboost|p2a: Sandaconda|spa|1
|
|-heal|p2a: Sandaconda|41/258|[from] item: Leftovers
|-heal|p1a: Whimsicott|82/238 par|[from] item: Leftovers
|-damage|p2a: Sandaconda|9/258|[from] Leech Seed|[of] p1a: Whimsicott
|-heal|p1a: Whimsicott|114/238 par|[silent]
|upkeep
|turn|31
|
|t:|1772746026
|move|p2a: Sandaconda|Earthquake|p1a: Whimsicott
|-resisted|p1a: Whimsicott
|-damage|p1a: Whimsicott|60/238 par
|move|p1a: Whimsicott|Moonblast|p2a: Sandaconda
|-damage|p2a: Sandaconda|0 fnt
|faint|p2a: Sandaconda
|
|-heal|p1a: Whimsicott|74/238 par|[from] item: Leftovers
|upkeep
|
|t:|1772746036
|switch|p2a: Hydreigon|Hydreigon, L79, F|67/275
|turn|32
|
|t:|1772746047
|move|p1a: Whimsicott|Leech Seed|p2a: Hydreigon
|-hint|Since gen 7, Dark is immune to Prankster moves.
|-immune|p2a: Hydreigon
|move|p2a: Hydreigon|Flash Cannon|p1a: Whimsicott
|-supereffective|p1a: Whimsicott
|-damage|p1a: Whimsicott|0 fnt
|faint|p1a: Whimsicott
|
|upkeep
|
|t:|1772746062
|switch|p1a: Samurott|Samurott-Hisui, L77, M|167/265
|-damage|p1a: Samurott|134/265|[from] Stealth Rock
|turn|33
|
|t:|1772746084
|switch|p2a: Luvdisc|Luvdisc, F|247/247
|move|p1a: Samurott|Sacred Sword|p2a: Luvdisc
|-damage|p2a: Luvdisc|153/247
|
|upkeep
|turn|34
|
|t:|1772746096
|move|p1a: Samurott|Sacred Sword|p2a: Luvdisc
|-damage|p2a: Luvdisc|48/247
|move|p2a: Luvdisc|Surf|p1a: Samurott
|-resisted|p1a: Samurott
|-damage|p1a: Samurott|87/265
|
|upkeep
|turn|35
|
|t:|1772746102
|move|p1a: Samurott|Sacred Sword|p2a: Luvdisc
|-damage|p2a: Luvdisc|0 fnt
|faint|p2a: Luvdisc
|
|upkeep
|
|t:|1772746107
|switch|p2a: Landorus|Landorus-Therian, L76, M|119/260
|-ability|p2a: Landorus|Intimidate|boost
|-unboost|p1a: Samurott|atk|1
|turn|36
|
|t:|1772746137
|switch|p1a: Trevenant|Trevenant, L89, F, tera:Fighting|234/296
|-damage|p1a: Trevenant|216/296|[from] Stealth Rock
|move|p2a: Landorus|U-turn|p1a: Trevenant
|-resisted|p1a: Trevenant
|-damage|p1a: Trevenant|186/296
|
|t:|1772746143
|switch|p2a: Dudunsparce|Dudunsparce-Three-Segment, L83, M, tera:Ground|99/343|[from] U-turn
|
|-heal|p2a: Dudunsparce|120/343|[from] item: Leftovers
|upkeep
|turn|37
|
|t:|1772746167
|move|p1a: Trevenant|Horn Leech|p2a: Dudunsparce
|-supereffective|p2a: Dudunsparce
|-damage|p2a: Dudunsparce|0 fnt
|-heal|p1a: Trevenant|246/296|[from] drain|[of] p2a: Dudunsparce
|faint|p2a: Dudunsparce
|
|upkeep
|
|t:|1772746173
|switch|p2a: Hydreigon|Hydreigon, L79, F|67/275
|turn|38
|
|t:|1772746182
|move|p2a: Hydreigon|Draco Meteor|p1a: Trevenant|[miss]
|-miss|p2a: Hydreigon|p1a: Trevenant
|move|p1a: Trevenant|Drain Punch|p2a: Hydreigon
|-supereffective|p2a: Hydreigon
|-damage|p2a: Hydreigon|0 fnt
|-heal|p1a: Trevenant|280/296|[from] drain|[of] p2a: Hydreigon
|faint|p2a: Hydreigon
|
|upkeep
|
|t:|1772746196
|switch|p2a: Landorus|Landorus-Therian, L76, M|119/260
|-ability|p2a: Landorus|Intimidate|boost
|-unboost|p1a: Trevenant|atk|1
|turn|39
|
|t:|1772746214
|move|p2a: Landorus|Earthquake|p1a: Trevenant
|-damage|p1a: Trevenant|144/296
|move|p1a: Trevenant|Wood Hammer|p2a: Landorus
|-damage|p2a: Landorus|10/260
|-damage|p1a: Trevenant|108/296|[from] Recoil
|
|-heal|p2a: Landorus|26/260|[from] item: Leftovers
|upkeep
|turn|40
|
|t:|1772746225
|move|p2a: Landorus|Earthquake|p1a: Trevenant
|-damage|p1a: Trevenant|0 fnt
|faint|p1a: Trevenant
|
|-heal|p2a: Landorus|42/260|[from] item: Leftovers
|upkeep
|
|t:|1772746232
|switch|p1a: Charizard|Charizard, L85, F|271/271
|turn|41
|
|t:|1772746249
|move|p1a: Charizard|Flamethrower|p2a: Landorus
|-damage|p2a: Landorus|0 fnt
|faint|p2a: Landorus
|
|win|billbobbizzy
