|j|☆sawerrttyy
|j|☆krimi3
|t:|1776982206
|gametype|singles
|player|p1|sawerrttyy|hiker-gen4|1242
|player|p2|krimi3|pokemonrangerf-gen4|1195
|gen|9
|tier|[Gen 9] Random Battle
|rated|
|rule|Species Clause: Limit one of each Pokémon
|rule|HP Percentage Mod: HP is shown in percentages
|rule|Sleep Clause Mod: Limit one foe put to sleep
|rule|Illusion Level Mod: Illusion disguises the Pokémon's true level
|
|t:|1776982206
|teamsize|p1|6
|teamsize|p2|6
|start
|switch|p1a: Feraligatr|Feraligatr, L79, M|264/264
|switch|p2a: Goodra|Goodra, L85, M|292/292
|turn|1
|inactive|Battle timer is ON: inactive players will automatically lose when time's up. (requested by sawerrttyy)
|
|t:|1776982242
|switch|p2a: Iron Bundle|Iron Bundle, L78|215/215
|move|p1a: Feraligatr|Dragon Dance|p1a: Feraligatr
|-boost|p1a: Feraligatr|atk|1
|-boost|p1a: Feraligatr|spe|1
|
|upkeep
|turn|2
|
|t:|1776982267
|-terastallize|p1a: Feraligatr|Steel
|move|p2a: Iron Bundle|Encore|p1a: Feraligatr
|-start|p1a: Feraligatr|Encore
|move|p1a: Feraligatr|Dragon Dance|p1a: Feraligatr
|-boost|p1a: Feraligatr|atk|1
|-boost|p1a: Feraligatr|spe|1
|
|upkeep
|turn|3
|
|t:|1776982276
|-end|p2a: Iron Bundle|Quark Drive|[silent]
|switch|p2a: Torterra|Torterra, L78, F|276/276
|move|p1a: Feraligatr|Dragon Dance|p1a: Feraligatr
|-boost|p1a: Feraligatr|atk|1
|-boost|p1a: Feraligatr|spe|1
|
|upkeep
|turn|4
|
|t:|1776982287
|-terastallize|p2a: Torterra|Ground
|move|p1a: Feraligatr|Dragon Dance|p1a: Feraligatr
|-boost|p1a: Feraligatr|atk|1
|-boost|p1a: Feraligatr|spe|1
|move|p2a: Torterra|Headlong Rush|p1a: Feraligatr
|-supereffective|p1a: Feraligatr
|-damage|p1a: Feraligatr|0 fnt
|-unboost|p2a: Torterra|def|1
|-unboost|p2a: Torterra|spd|1
|faint|p1a: Feraligatr
|
|upkeep
|inactive|sawerrttyy has 120 seconds left.
|
|t:|1776982327
|switch|p1a: Mienshao|Mienshao, L83, M|244/244
|turn|5
|inactive|krimi3 has 120 seconds left.
|
|t:|1776982361
|switch|p2a: Volbeat|Volbeat, L90, M|263/263
|move|p1a: Mienshao|Triple Axel|p2a: Volbeat|[miss]
|-miss|p1a: Mienshao|p2a: Volbeat
|
|upkeep
|turn|6
|
|t:|1776982370
|move|p2a: Volbeat|Thunder Wave|p1a: Mienshao
|-status|p1a: Mienshao|par
|cant|p1a: Mienshao|par
|
|upkeep
|turn|7
|inactive|sawerrttyy has 120 seconds left.
|inactive|krimi3 has 120 seconds left.
|inactive|krimi3 has 90 seconds left.
|
|t:|1776982418
|move|p2a: Volbeat|Lunge|p1a: Mienshao
|-resisted|p1a: Mienshao
|-damage|p1a: Mienshao|187/244 par
|-unboost|p1a: Mienshao|atk|1
|move|p1a: Mienshao|Swords Dance|p1a: Mienshao
|-boost|p1a: Mienshao|atk|2
|
|upkeep
|turn|8
|
|t:|1776982427
|move|p2a: Volbeat|Lunge|p1a: Mienshao
|-resisted|p1a: Mienshao
|-damage|p1a: Mienshao|133/244 par
|-unboost|p1a: Mienshao|atk|1
|move|p1a: Mienshao|Swords Dance|p1a: Mienshao
|-boost|p1a: Mienshao|atk|2
|
|upkeep
|turn|9
|
|t:|1776982438
|move|p2a: Volbeat|Lunge|p1a: Mienshao
|-resisted|p1a: Mienshao
|-damage|p1a: Mienshao|82/244 par
|-unboost|p1a: Mienshao|atk|1
|move|p1a: Mienshao|Triple Axel|p2a: Volbeat
|-damage|p2a: Volbeat|225/263
|-damage|p2a: Volbeat|152/263
|-damage|p2a: Volbeat|42/263
|-hitcount|p2a: Volbeat|3
|-damage|p1a: Mienshao|58/244 par|[from] item: Life Orb
|
|upkeep
|turn|10
|inactive|sawerrttyy has 120 seconds left.
|
|t:|1776982454
|move|p2a: Volbeat|Lunge|p1a: Mienshao
|-resisted|p1a: Mienshao
|-damage|p1a: Mienshao|7/244 par
|-unboost|p1a: Mienshao|atk|1
|cant|p1a: Mienshao|par
|
|upkeep
|turn|11
|
|t:|1776982461
|move|p2a: Volbeat|Lunge|p1a: Mienshao
|-resisted|p1a: Mienshao
|-damage|p1a: Mienshao|0 fnt
|faint|p1a: Mienshao
|
|upkeep
|
|t:|1776982469
|switch|p1a: Espeon|Espeon, L84, M|246/246
|turn|12
|inactive|krimi3 has 120 seconds left.
|
|t:|1776982482
|move|p2a: Volbeat|Thunder Wave|p1a: Espeon
|move|p1a: Espeon|Thunder Wave|p2a: Volbeat|[from] ability: Magic Bounce|[miss]
|-miss|p1a: Espeon|p2a: Volbeat
|move|p1a: Espeon|Calm Mind|p1a: Espeon
|-boost|p1a: Espeon|spa|1
|-boost|p1a: Espeon|spd|1
|
|upkeep
|turn|13
|inactive|krimi3 has 120 seconds left.
|
|t:|1776982492
|move|p1a: Espeon|Alluring Voice|p2a: Volbeat
|-damage|p2a: Volbeat|0 fnt
|faint|p2a: Volbeat
|-damage|p1a: Espeon|222/246|[from] item: Life Orb
|
|upkeep
|inactive|krimi3 has 120 seconds left.
|
|t:|1776982523
|switch|p2a: Torterra|Torterra, L78, F, tera:Ground|276/276
|turn|14
|
|t:|1776982538
|move|p1a: Espeon|Calm Mind|p1a: Espeon
|-boost|p1a: Espeon|spa|1
|-boost|p1a: Espeon|spd|1
|move|p2a: Torterra|Headlong Rush|p1a: Espeon
|-damage|p1a: Espeon|2/246
|-unboost|p2a: Torterra|def|1
|-unboost|p2a: Torterra|spd|1
|
|upkeep
|turn|15
|
|t:|1776982549
|move|p1a: Espeon|Psyshock|p2a: Torterra
|-damage|p2a: Torterra|0 fnt
|faint|p2a: Torterra
|-damage|p1a: Espeon|0 fnt|[from] item: Life Orb
|faint|p1a: Espeon
|
|upkeep
|c|☆sawerrttyy|my luck is goated
|
|t:|1776982561
|switch|p1a: Kyogre|Kyogre, L71|259/259
|switch|p2a: Arcanine|Arcanine-Hisui, L79, M|279/279
|-weather|RainDance|[from] ability: Drizzle|[of] p1a: Kyogre
|turn|16
|inactive|krimi3 has 90 seconds left.
|
|t:|1776982586
|switch|p2a: Walking Wake|Walking Wake, L79|286/286
|move|p1a: Kyogre|Origin Pulse|p2a: Walking Wake
|-resisted|p2a: Walking Wake
|-damage|p2a: Walking Wake|238/286
|
|-weather|RainDance|[upkeep]
|upkeep
|turn|17
|
|t:|1776982592
|move|p2a: Walking Wake|Sunny Day|p2a: Walking Wake
|-weather|SunnyDay
|-activate|p2a: Walking Wake|ability: Protosynthesis
|-start|p2a: Walking Wake|protosynthesisspa
|move|p1a: Kyogre|Calm Mind|p1a: Kyogre
|-boost|p1a: Kyogre|spa|1
|-boost|p1a: Kyogre|spd|1
|
|-weather|SunnyDay|[upkeep]
|upkeep
|turn|18
|
|t:|1776982604
|move|p2a: Walking Wake|Draco Meteor|p1a: Kyogre
|-damage|p1a: Kyogre|117/259
|-unboost|p2a: Walking Wake|spa|2
|-damage|p2a: Walking Wake|210/286|[from] item: Life Orb
|move|p1a: Kyogre|Thunder|p2a: Walking Wake|[miss]
|-miss|p1a: Kyogre|p2a: Walking Wake
|
|-weather|SunnyDay|[upkeep]
|-heal|p1a: Kyogre|133/259|[from] item: Leftovers
|upkeep
|turn|19
|
|t:|1776982613
|move|p2a: Walking Wake|Draco Meteor|p1a: Kyogre
|-damage|p1a: Kyogre|65/259
|-unboost|p2a: Walking Wake|spa|2
|-damage|p2a: Walking Wake|182/286|[from] item: Life Orb
|move|p1a: Kyogre|Thunder|p2a: Walking Wake
|-damage|p2a: Walking Wake|57/286
|
|-weather|SunnyDay|[upkeep]
|-heal|p1a: Kyogre|81/259|[from] item: Leftovers
|upkeep
|turn|20
|
|t:|1776982633
|-end|p2a: Walking Wake|Protosynthesis|[silent]
|switch|p2a: Goodra|Goodra, L85, M|292/292
|move|p1a: Kyogre|Calm Mind|p1a: Kyogre
|-boost|p1a: Kyogre|spa|1
|-boost|p1a: Kyogre|spd|1
|
|-weather|SunnyDay|[upkeep]
|-heal|p1a: Kyogre|97/259|[from] item: Leftovers
|upkeep
|turn|21
|
|t:|1776982642
|move|p2a: Goodra|Knock Off|p1a: Kyogre
|-damage|p1a: Kyogre|8/259
|-enditem|p1a: Kyogre|Leftovers|[from] move: Knock Off|[of] p2a: Goodra
|move|p1a: Kyogre|Ice Beam|p2a: Goodra
|-supereffective|p2a: Goodra
|-damage|p2a: Goodra|170/292
|
|-weather|none
|upkeep
|turn|22
|
|t:|1776982650
|move|p2a: Goodra|Knock Off|p1a: Kyogre
|-damage|p1a: Kyogre|0 fnt
|faint|p1a: Kyogre
|
|upkeep
|
|t:|1776982656
|switch|p1a: Snorlax|Snorlax, L82, F|397/397
|turn|23
|
|t:|1776982676
|move|p2a: Goodra|Knock Off|p1a: Snorlax
|-damage|p1a: Snorlax|309/397
|-enditem|p1a: Snorlax|Chesto Berry|[from] move: Knock Off|[of] p2a: Goodra
|move|p1a: Snorlax|Curse|p1a: Snorlax
|-unboost|p1a: Snorlax|spe|1
|-boost|p1a: Snorlax|atk|1
|-boost|p1a: Snorlax|def|1
|
|upkeep
|turn|24
|
|t:|1776982685
|move|p2a: Goodra|Draco Meteor|p1a: Snorlax|[miss]
|-miss|p2a: Goodra|p1a: Snorlax
|move|p1a: Snorlax|Body Slam|p2a: Goodra
|-crit|p2a: Goodra
|-damage|p2a: Goodra|0 fnt
|faint|p2a: Goodra
|
|upkeep
|
|t:|1776982711
|switch|p2a: Iron Bundle|Iron Bundle, L78|215/215
|turn|25
|
|t:|1776982724
|move|p2a: Iron Bundle|Encore|p1a: Snorlax
|-start|p1a: Snorlax|Encore
|move|p1a: Snorlax|Body Slam|p2a: Iron Bundle
|-damage|p2a: Iron Bundle|86/215
|-status|p2a: Iron Bundle|par
|
|upkeep
|turn|26
|
|t:|1776982739
|move|p2a: Iron Bundle|Hydro Pump|p1a: Snorlax
|-damage|p1a: Snorlax|204/397
|move|p1a: Snorlax|Body Slam|p2a: Iron Bundle
|-damage|p2a: Iron Bundle|0 fnt
|faint|p2a: Iron Bundle
|-end|p2a: Iron Bundle|Quark Drive|[silent]
|
|upkeep
|
|t:|1776982748
|switch|p2a: Arcanine|Arcanine-Hisui, L79, M|279/279
|turn|27
|
|t:|1776982752
|move|p2a: Arcanine|Head Smash|p1a: Snorlax|[miss]
|-miss|p2a: Arcanine|p1a: Snorlax
|move|p1a: Snorlax|Body Slam|p2a: Arcanine
|-resisted|p2a: Arcanine
|-damage|p2a: Arcanine|204/279
|
|-end|p1a: Snorlax|Encore
|upkeep
|turn|28
|
|t:|1776982760
|move|p2a: Arcanine|Head Smash|p1a: Snorlax|[miss]
|-miss|p2a: Arcanine|p1a: Snorlax
|move|p1a: Snorlax|Earthquake|p2a: Arcanine
|-supereffective|p2a: Arcanine
|-damage|p2a: Arcanine|0 fnt
|faint|p2a: Arcanine
|
|upkeep
|inactive|krimi3 has 120 seconds left.
|
|t:|1776982767
|switch|p2a: Walking Wake|Walking Wake, L79|57/286
|turn|29
|c|☆sawerrttyy|clutch
|c|☆krimi3|misses twice in a row vro
|
|t:|1776982776
|move|p2a: Walking Wake|Draco Meteor|p1a: Snorlax|[miss]
|-miss|p2a: Walking Wake|p1a: Snorlax
|move|p1a: Snorlax|Body Slam|p2a: Walking Wake
|-damage|p2a: Walking Wake|0 fnt
|faint|p2a: Walking Wake
|-end|p2a: Walking Wake|Protosynthesis|[silent]
|
|win|sawerrttyy
|raw|sawerrttyy's rating: 1242 &rarr; <strong>1264</strong><br />(+22 for winning)
|raw|krimi3's rating: 1195 &rarr; <strong>1173</strong><br />(-22 for losing)
|c|☆krimi3|i didnt even hit the last draco :sob:
|c|☆krimi3|gg
