|j|☆gokusenshowdown9
|j|☆dudiwd
|t:|1772751977
|gametype|singles
|player|p1|gokusenshowdown9|2|1456
|player|p2|dudiwd|dragontamer|1486
|gen|9
|tier|[Gen 9] Random Battle
|rated|
|rule|Species Clause: Limit one of each Pokémon
|rule|HP Percentage Mod: HP is shown in percentages
|rule|Sleep Clause Mod: Limit one foe put to sleep
|rule|Illusion Level Mod: Illusion disguises the Pokémon's true level
|
|t:|1772751977
|teamsize|p1|6
|teamsize|p2|6
|start
|switch|p1a: Coalossal|Coalossal, L89, M|341/341
|switch|p2a: Crabominable|Crabominable, L90, M|321/321
|turn|1
|inactive|Battle timer is ON: inactive players will automatically lose when time's up. (requested by dudiwd)
|
|t:|1772751988
|move|p2a: Crabominable|Earthquake|p1a: Coalossal
|-supereffective|p1a: Coalossal
|-damage|p1a: Coalossal|0 fnt
|faint|p1a: Coalossal
|
|upkeep
|
|t:|1772751996
|switch|p1a: Incineroar|Incineroar, L82, M|290/290
|-ability|p1a: Incineroar|Intimidate|boost
|-unboost|p2a: Crabominable|atk|1
|turn|2
|
|t:|1772752024
|switch|p2a: Charizard|Charizard, L85, F|271/271
|move|p1a: Incineroar|Fake Out|p2a: Charizard
|-damage|p2a: Charizard|238/271
|
|upkeep
|turn|3
|
|t:|1772752031
|move|p2a: Charizard|Swords Dance|p2a: Charizard
|-boost|p2a: Charizard|atk|2
|move|p1a: Incineroar|Knock Off|p2a: Charizard
|-damage|p2a: Charizard|127/271
|-enditem|p2a: Charizard|Heavy-Duty Boots|[from] move: Knock Off|[of] p1a: Incineroar
|
|upkeep
|turn|4
|
|t:|1772752044
|move|p2a: Charizard|Earthquake|p1a: Incineroar
|-supereffective|p1a: Incineroar
|-damage|p1a: Incineroar|48/290
|move|p1a: Incineroar|U-turn|p2a: Charizard
|-resisted|p2a: Charizard
|-crit|p2a: Charizard
|-damage|p2a: Charizard|107/271
|
|t:|1772752056
|switch|p1a: Cloyster|Cloyster, L80, F|211/211|[from] U-turn
|
|upkeep
|turn|5
|inactive|dudiwd has 120 seconds left.
|
|t:|1772752081
|switch|p2a: Orthworm|Orthworm, L88, F|266/266
|move|p1a: Cloyster|Shell Smash|p1a: Cloyster
|-unboost|p1a: Cloyster|def|1
|-unboost|p1a: Cloyster|spd|1
|-boost|p1a: Cloyster|atk|2
|-boost|p1a: Cloyster|spa|2
|-boost|p1a: Cloyster|spe|2
|-enditem|p1a: Cloyster|White Herb
|-clearnegativeboost|p1a: Cloyster|[silent]
|
|upkeep
|turn|6
|
|t:|1772752093
|move|p1a: Cloyster|Icicle Spear|p2a: Orthworm
|-resisted|p2a: Orthworm
|-damage|p2a: Orthworm|250/266
|-resisted|p2a: Orthworm
|-damage|p2a: Orthworm|233/266
|-resisted|p2a: Orthworm
|-damage|p2a: Orthworm|217/266
|-resisted|p2a: Orthworm
|-damage|p2a: Orthworm|200/266
|-resisted|p2a: Orthworm
|-damage|p2a: Orthworm|183/266
|-hitcount|p2a: Orthworm|5
|move|p2a: Orthworm|Coil|p2a: Orthworm
|-boost|p2a: Orthworm|atk|1
|-boost|p2a: Orthworm|def|1
|-boost|p2a: Orthworm|accuracy|1
|
|upkeep
|turn|7
|
|t:|1772752106
|switch|p1a: Incineroar|Incineroar, L82, M|48/290
|-ability|p1a: Incineroar|Intimidate|boost
|-unboost|p2a: Orthworm|atk|1
|move|p2a: Orthworm|Body Press|p1a: Incineroar
|-supereffective|p1a: Incineroar
|-damage|p1a: Incineroar|0 fnt
|faint|p1a: Incineroar
|
|upkeep
|
|t:|1772752109
|switch|p1a: Malamar|Malamar, L82, M|275/275
|turn|8
|
|t:|1772752117
|switch|p2a: Brambleghast|Brambleghast, L88, F|240/240
|move|p1a: Malamar|Superpower|p2a: Brambleghast
|-immune|p2a: Brambleghast
|
|upkeep
|turn|9
|
|t:|1772752122
|move|p2a: Brambleghast|Substitute|p2a: Brambleghast
|-start|p2a: Brambleghast|Substitute
|-damage|p2a: Brambleghast|180/240
|move|p1a: Malamar|Knock Off|p2a: Brambleghast
|-supereffective|p2a: Brambleghast
|-end|p2a: Brambleghast|Substitute
|
|-heal|p2a: Brambleghast|195/240|[from] item: Leftovers
|upkeep
|turn|10
|
|t:|1772752139
|switch|p2a: Charizard|Charizard, L85, F|107/271
|move|p1a: Malamar|Knock Off|p2a: Charizard
|-damage|p2a: Charizard|32/271
|
|upkeep
|turn|11
|
|t:|1772752160
|move|p2a: Charizard|Flare Blitz|p1a: Malamar
|-damage|p1a: Malamar|101/275
|-damage|p2a: Charizard|0 fnt|[from] Recoil
|faint|p2a: Charizard
|move|p1a: Malamar|Superpower|p2: Charizard|[notarget]
|-fail|p1a: Malamar
|
|upkeep
|inactive|dudiwd has 120 seconds left.
|
|t:|1772752173
|switch|p2a: Brambleghast|Brambleghast, L88, F|195/240
|turn|12
|inactive|dudiwd has 120 seconds left.
|
|t:|1772752186
|move|p2a: Brambleghast|Power Whip|p1a: Malamar
|-damage|p1a: Malamar|0 fnt
|faint|p1a: Malamar
|
|-heal|p2a: Brambleghast|210/240|[from] item: Leftovers
|upkeep
|
|t:|1772752191
|switch|p1a: Corviknight|Corviknight, L80, M|288/288
|turn|13
|inactive|dudiwd has 120 seconds left.
|
|t:|1772752214
|move|p2a: Brambleghast|Substitute|p2a: Brambleghast
|-start|p2a: Brambleghast|Substitute
|-damage|p2a: Brambleghast|150/240
|move|p1a: Corviknight|Brave Bird|p2a: Brambleghast
|-supereffective|p2a: Brambleghast
|-end|p2a: Brambleghast|Substitute
|-damage|p1a: Corviknight|268/288|[from] Recoil|[of] p2a: Brambleghast
|
|-heal|p2a: Brambleghast|165/240|[from] item: Leftovers
|-heal|p1a: Corviknight|286/288|[from] item: Leftovers
|upkeep
|turn|14
|inactive|dudiwd has 120 seconds left.
|
|t:|1772752220
|switch|p2a: Orthworm|Orthworm, L88, F|183/266
|move|p1a: Corviknight|Brave Bird|p2a: Orthworm
|-resisted|p2a: Orthworm
|-damage|p2a: Orthworm|148/266
|-damage|p1a: Corviknight|274/288|[from] Recoil
|
|-heal|p1a: Corviknight|288/288|[from] item: Leftovers
|upkeep
|turn|15
|
|t:|1772752226
|move|p2a: Orthworm|Coil|p2a: Orthworm
|-boost|p2a: Orthworm|atk|1
|-boost|p2a: Orthworm|def|1
|-boost|p2a: Orthworm|accuracy|1
|move|p1a: Corviknight|Body Press|p2a: Orthworm
|-supereffective|p2a: Orthworm
|-damage|p2a: Orthworm|102/266
|
|upkeep
|turn|16
|
|t:|1772752233
|move|p2a: Orthworm|Coil|p2a: Orthworm
|-boost|p2a: Orthworm|atk|1
|-boost|p2a: Orthworm|def|1
|-boost|p2a: Orthworm|accuracy|1
|move|p1a: Corviknight|Body Press|p2a: Orthworm
|-supereffective|p2a: Orthworm
|-damage|p2a: Orthworm|64/266
|
|upkeep
|turn|17
|
|t:|1772752238
|move|p2a: Orthworm|Rest|p2a: Orthworm
|-status|p2a: Orthworm|slp|[from] move: Rest
|-heal|p2a: Orthworm|266/266 slp|[silent]
|-enditem|p2a: Orthworm|Chesto Berry|[eat]
|-curestatus|p2a: Orthworm|slp|[msg]
|move|p1a: Corviknight|U-turn|p2a: Orthworm
|-resisted|p2a: Orthworm
|-damage|p2a: Orthworm|259/266
|
|t:|1772752241
|switch|p1a: Hydrapple|Hydrapple, L83, M|312/312|[from] U-turn
|
|upkeep
|turn|18
|
|t:|1772752251
|move|p2a: Orthworm|Body Press|p1a: Hydrapple
|-crit|p1a: Hydrapple
|-damage|p1a: Hydrapple|84/312
|move|p1a: Hydrapple|Earth Power|p2a: Orthworm
|-heal|p2a: Orthworm|266/266|[from] ability: Earth Eater|[of] p1a: Hydrapple
|
|upkeep
|turn|19
|-message|gokusenshowdown9 forfeited.
|
|win|dudiwd
|raw|gokusenshowdown9's rating: 1456 &rarr; <strong>1438</strong><br />(-18 for losing)
|raw|dudiwd's rating: 1486 &rarr; <strong>1504</strong><br />(+18 for winning)
|l|☆gokusenshowdown9
|player|p1|
