|j|☆m0untaineer
|j|☆Blockhead_chris
|t:|1776982990
|gametype|singles
|player|p1|m0untaineer|266|1831
|player|p2|Blockhead_chris|101|1881
|gen|9
|tier|[Gen 9] Random Battle
|rated|
|rule|Species Clause: Limit one of each Pokémon
|rule|HP Percentage Mod: HP is shown in percentages
|rule|Sleep Clause Mod: Limit one foe put to sleep
|rule|Illusion Level Mod: Illusion disguises the Pokémon's true level
|
|t:|1776982990
|teamsize|p1|6
|teamsize|p2|6
|start
|switch|p1a: Great Tusk|Great Tusk, L77|304/304
|switch|p2a: Annihilape|Annihilape, L76, M|292/292
|turn|1
|inactive|Battle timer is ON: inactive players will automatically lose when time's up. (requested by Blockhead_chris)
|
|t:|1776983000
|-end|p1a: Great Tusk|Protosynthesis|[silent]
|switch|p1a: Deoxys|Deoxys, L74|196/196
|-ability|p1a: Deoxys|Pressure
|move|p2a: Annihilape|Bulk Up|p2a: Annihilape
|-boost|p2a: Annihilape|atk|1
|-boost|p2a: Annihilape|def|1
|
|upkeep
|turn|2
|
|t:|1776983012
|switch|p2a: Samurott|Samurott-Hisui, L77, M|265/265
|move|p1a: Deoxys|Psycho Boost|p2a: Samurott
|-immune|p2a: Samurott
|
|upkeep
|turn|3
|inactive|m0untaineer has 120 seconds left.
|
|t:|1776983044
|switch|p1a: Gurdurr|Gurdurr, L85, F|283/283
|move|p2a: Samurott|Sucker Punch||[still]
|-fail|p2a: Samurott
|
|upkeep
|turn|4
|
|t:|1776983048
|switch|p2a: Annihilape|Annihilape, L76, M|292/292
|move|p1a: Gurdurr|Bulk Up|p1a: Gurdurr
|-boost|p1a: Gurdurr|atk|1
|-boost|p1a: Gurdurr|def|1
|
|upkeep
|turn|5
|
|t:|1776983055
|move|p2a: Annihilape|Bulk Up|p2a: Annihilape
|-boost|p2a: Annihilape|atk|1
|-boost|p2a: Annihilape|def|1
|move|p1a: Gurdurr|Bulk Up|p1a: Gurdurr
|-boost|p1a: Gurdurr|atk|1
|-boost|p1a: Gurdurr|def|1
|
|upkeep
|turn|6
|
|t:|1776983061
|move|p2a: Annihilape|Bulk Up|p2a: Annihilape
|-boost|p2a: Annihilape|atk|1
|-boost|p2a: Annihilape|def|1
|move|p1a: Gurdurr|Bulk Up|p1a: Gurdurr
|-boost|p1a: Gurdurr|atk|1
|-boost|p1a: Gurdurr|def|1
|
|upkeep
|turn|7
|
|t:|1776983074
|move|p2a: Annihilape|Bulk Up|p2a: Annihilape
|-boost|p2a: Annihilape|atk|1
|-boost|p2a: Annihilape|def|1
|move|p1a: Gurdurr|Bulk Up|p1a: Gurdurr
|-boost|p1a: Gurdurr|atk|1
|-boost|p1a: Gurdurr|def|1
|
|upkeep
|turn|8
|
|t:|1776983079
|move|p2a: Annihilape|Bulk Up|p2a: Annihilape
|-boost|p2a: Annihilape|atk|1
|-boost|p2a: Annihilape|def|1
|move|p1a: Gurdurr|Bulk Up|p1a: Gurdurr
|-boost|p1a: Gurdurr|atk|1
|-boost|p1a: Gurdurr|def|1
|
|upkeep
|turn|9
|
|t:|1776983082
|move|p2a: Annihilape|Bulk Up|p2a: Annihilape
|-boost|p2a: Annihilape|atk|1
|-boost|p2a: Annihilape|def|1
|move|p1a: Gurdurr|Bulk Up|p1a: Gurdurr
|-boost|p1a: Gurdurr|atk|1
|-boost|p1a: Gurdurr|def|1
|
|upkeep
|turn|10
|
|t:|1776983084
|-terastallize|p2a: Annihilape|Fairy
|move|p2a: Annihilape|Bulk Up|p2a: Annihilape
|-boost|p2a: Annihilape|atk|1
|-boost|p2a: Annihilape|def|1
|move|p1a: Gurdurr|Knock Off|p2a: Annihilape
|-resisted|p2a: Annihilape
|-damage|p2a: Annihilape|251/292
|-enditem|p2a: Annihilape|Leftovers|[from] move: Knock Off|[of] p1a: Gurdurr
|
|upkeep
|turn|11
|
|t:|1776983093
|move|p2a: Annihilape|Rage Fist|p1a: Gurdurr
|-damage|p1a: Gurdurr|219/283
|move|p1a: Gurdurr|Drain Punch|p2a: Annihilape
|-resisted|p2a: Annihilape
|-damage|p2a: Annihilape|196/292
|-heal|p1a: Gurdurr|247/283|[from] drain|[of] p2a: Annihilape
|
|upkeep
|turn|12
|
|t:|1776983104
|move|p2a: Annihilape|Rage Fist|p1a: Gurdurr
|-damage|p1a: Gurdurr|144/283
|move|p1a: Gurdurr|Drain Punch|p2a: Annihilape
|-resisted|p2a: Annihilape
|-damage|p2a: Annihilape|147/292
|-heal|p1a: Gurdurr|169/283|[from] drain|[of] p2a: Annihilape
|
|upkeep
|turn|13
|
|t:|1776983109
|move|p2a: Annihilape|Drain Punch|p1a: Gurdurr
|-damage|p1a: Gurdurr|120/283
|-heal|p2a: Annihilape|172/292|[from] drain|[of] p1a: Gurdurr
|move|p1a: Gurdurr|Drain Punch|p2a: Annihilape
|-resisted|p2a: Annihilape
|-damage|p2a: Annihilape|121/292
|-heal|p1a: Gurdurr|146/283|[from] drain|[of] p2a: Annihilape
|
|upkeep
|turn|14
|
|t:|1776983112
|move|p2a: Annihilape|Rage Fist|p1a: Gurdurr
|-crit|p1a: Gurdurr
|-damage|p1a: Gurdurr|0 fnt
|faint|p1a: Gurdurr
|
|upkeep
|
|t:|1776983129
|switch|p1a: Walking Wake|Walking Wake, L79|286/286
|turn|15
|
|t:|1776983134
|move|p1a: Walking Wake|Hydro Pump|p2a: Annihilape
|-damage|p2a: Annihilape|0 fnt
|faint|p2a: Annihilape
|
|upkeep
|
|t:|1776983139
|switch|p2a: Whimsicott|Whimsicott, L84, M|238/238
|turn|16
|
|t:|1776983148
|-end|p1a: Walking Wake|Protosynthesis|[silent]
|switch|p1a: Dragalge|Dragalge, L88, M|258/258
|move|p2a: Whimsicott|Giga Drain|p1a: Dragalge
|-resisted|p1a: Dragalge
|-damage|p1a: Dragalge|249/258
|
|upkeep
|turn|17
|
|t:|1776983157
|switch|p2a: Corviknight|Corviknight, L80, F|288/288
|-ability|p2a: Corviknight|Pressure
|move|p1a: Dragalge|Sludge Wave|p2a: Corviknight
|-immune|p2a: Corviknight
|
|upkeep
|turn|18
|
|t:|1776983164
|move|p2a: Corviknight|Brave Bird|p1a: Dragalge
|-damage|p1a: Dragalge|155/258
|-damage|p2a: Corviknight|257/288|[from] Recoil
|move|p1a: Dragalge|Focus Blast|p2a: Corviknight
|-damage|p2a: Corviknight|163/288
|
|upkeep
|turn|19
|
|t:|1776983173
|switch|p1a: Walking Wake|Walking Wake, L79|286/286
|move|p2a: Corviknight|Roost|p2a: Corviknight
|-heal|p2a: Corviknight|288/288
|-singleturn|p2a: Corviknight|move: Roost
|
|upkeep
|turn|20
|
|t:|1776983176
|switch|p2a: Whimsicott|Whimsicott, L84, M|238/238
|move|p1a: Walking Wake|Flamethrower|p2a: Whimsicott
|-supereffective|p2a: Whimsicott
|-damage|p2a: Whimsicott|2/238
|
|-heal|p2a: Whimsicott|16/238|[from] item: Leftovers
|upkeep
|turn|21
|
|t:|1776983180
|-end|p1a: Walking Wake|Protosynthesis|[silent]
|switch|p1a: Dragalge|Dragalge, L88, M|155/258
|move|p2a: Whimsicott|Stun Spore|p1a: Dragalge
|-status|p1a: Dragalge|par
|
|-heal|p2a: Whimsicott|30/238|[from] item: Leftovers
|upkeep
|turn|22
|
|t:|1776983191
|switch|p2a: Corviknight|Corviknight, L80, F|288/288
|-ability|p2a: Corviknight|Pressure
|switch|p1a: Walking Wake|Walking Wake, L79|286/286
|
|upkeep
|turn|23
|
|t:|1776983202
|switch|p2a: Inteleon|Inteleon, L81, M|246/246
|move|p1a: Walking Wake|Flamethrower|p2a: Inteleon
|-resisted|p2a: Inteleon
|-damage|p2a: Inteleon|184/246
|-status|p2a: Inteleon|brn
|
|-damage|p2a: Inteleon|169/246 brn|[from] brn
|upkeep
|turn|24
|
|t:|1776983206
|-end|p1a: Walking Wake|Protosynthesis|[silent]
|switch|p1a: Dragalge|Dragalge, L88, M|155/258 par
|move|p2a: Inteleon|U-turn|p1a: Dragalge
|-resisted|p1a: Dragalge
|-damage|p1a: Dragalge|146/258 par
|
|t:|1776983209
|switch|p2a: Great Tusk|Great Tusk, L77|304/304|[from] U-turn
|
|upkeep
|turn|25
|
|t:|1776983227
|switch|p1a: Walking Wake|Walking Wake, L79|286/286
|move|p2a: Great Tusk|Earthquake|p1a: Walking Wake
|-damage|p1a: Walking Wake|162/286
|
|upkeep
|turn|26
|
|t:|1776983236
|-end|p2a: Great Tusk|Protosynthesis|[silent]
|switch|p2a: Corviknight|Corviknight, L80, F|288/288
|-ability|p2a: Corviknight|Pressure
|move|p1a: Walking Wake|Hydro Pump|p2a: Corviknight
|-damage|p2a: Corviknight|72/288
|
|upkeep
|turn|27
|
|t:|1776983239
|move|p1a: Walking Wake|Hydro Pump|p2a: Corviknight
|-damage|p2a: Corviknight|0 fnt
|faint|p2a: Corviknight
|
|upkeep
|
|t:|1776983244
|switch|p2a: Whimsicott|Whimsicott, L84, M|30/238
|turn|28
|
|t:|1776983249
|-end|p1a: Walking Wake|Protosynthesis|[silent]
|switch|p1a: Dragalge|Dragalge, L88, M|146/258 par
|move|p2a: Whimsicott|Giga Drain|p1a: Dragalge
|-resisted|p1a: Dragalge
|-damage|p1a: Dragalge|138/258 par
|-heal|p2a: Whimsicott|34/238|[from] drain|[of] p1a: Dragalge
|
|-heal|p2a: Whimsicott|48/238|[from] item: Leftovers
|upkeep
|turn|29
|
|t:|1776983254
|switch|p2a: Great Tusk|Great Tusk, L77|304/304
|move|p1a: Dragalge|Sludge Wave|p2a: Great Tusk
|-resisted|p2a: Great Tusk
|-damage|p2a: Great Tusk|197/304
|-status|p2a: Great Tusk|psn
|
|-heal|p2a: Great Tusk|216/304 psn|[from] item: Leftovers
|-damage|p2a: Great Tusk|178/304 psn|[from] psn
|upkeep
|turn|30
|
|t:|1776983264
|switch|p1a: Great Tusk|Great Tusk, L77|304/304
|move|p2a: Great Tusk|Close Combat|p1a: Great Tusk
|-damage|p1a: Great Tusk|195/304
|-unboost|p2a: Great Tusk|def|1
|-unboost|p2a: Great Tusk|spd|1
|
|-heal|p1a: Great Tusk|214/304|[from] item: Leftovers
|-heal|p2a: Great Tusk|197/304 psn|[from] item: Leftovers
|-damage|p2a: Great Tusk|159/304 psn|[from] psn
|upkeep
|turn|31
|
|t:|1776983272
|-end|p2a: Great Tusk|Protosynthesis|[silent]
|switch|p2a: Inteleon|Inteleon, L81, M|169/246 brn
|move|p1a: Great Tusk|Rapid Spin|p2a: Inteleon
|-damage|p2a: Inteleon|123/246 brn
|-boost|p1a: Great Tusk|spe|1
|
|-heal|p1a: Great Tusk|233/304|[from] item: Leftovers
|-damage|p2a: Inteleon|108/246 brn|[from] brn
|upkeep
|turn|32
|
|t:|1776983278
|move|p1a: Great Tusk|Headlong Rush|p2a: Inteleon
|-damage|p2a: Inteleon|0 fnt
|-unboost|p1a: Great Tusk|def|1
|-unboost|p1a: Great Tusk|spd|1
|faint|p2a: Inteleon
|
|-heal|p1a: Great Tusk|252/304|[from] item: Leftovers
|upkeep
|
|t:|1776983292
|switch|p2a: Whimsicott|Whimsicott, L84, M|48/238
|turn|33
|
|t:|1776983297
|-end|p1a: Great Tusk|Protosynthesis|[silent]
|switch|p1a: Dragalge|Dragalge, L88, M|138/258 par
|move|p2a: Whimsicott|Stun Spore|p1a: Dragalge
|-fail|p1a: Dragalge|par
|
|-heal|p2a: Whimsicott|62/238|[from] item: Leftovers
|upkeep
|turn|34
|
|t:|1776983299
|switch|p2a: Great Tusk|Great Tusk, L77|159/304 psn
|cant|p1a: Dragalge|par
|
|-heal|p2a: Great Tusk|178/304 psn|[from] item: Leftovers
|-damage|p2a: Great Tusk|140/304 psn|[from] psn
|upkeep
|turn|35
|
|t:|1776983323
|switch|p1a: Great Tusk|Great Tusk, L77|252/304
|move|p2a: Great Tusk|Earthquake|p1a: Great Tusk
|-damage|p1a: Great Tusk|162/304
|
|-heal|p1a: Great Tusk|181/304|[from] item: Leftovers
|-heal|p2a: Great Tusk|159/304 psn|[from] item: Leftovers
|-damage|p2a: Great Tusk|121/304 psn|[from] psn
|upkeep
|turn|36
|
|t:|1776983329
|-end|p2a: Great Tusk|Protosynthesis|[silent]
|switch|p2a: Whimsicott|Whimsicott, L84, M|62/238
|move|p1a: Great Tusk|Rapid Spin|p2a: Whimsicott
|-crit|p2a: Whimsicott
|-damage|p2a: Whimsicott|5/238
|-boost|p1a: Great Tusk|spe|1
|
|-heal|p1a: Great Tusk|200/304|[from] item: Leftovers
|-heal|p2a: Whimsicott|19/238|[from] item: Leftovers
|upkeep
|turn|37
|
|t:|1776983334
|move|p2a: Whimsicott|Stun Spore|p1a: Great Tusk
|-status|p1a: Great Tusk|par
|cant|p1a: Great Tusk|par
|
|-heal|p2a: Whimsicott|33/238|[from] item: Leftovers
|-heal|p1a: Great Tusk|219/304 par|[from] item: Leftovers
|upkeep
|turn|38
|
|t:|1776983338
|-end|p1a: Great Tusk|Protosynthesis|[silent]
|switch|p1a: Dragalge|Dragalge, L88, M|138/258 par
|move|p2a: Whimsicott|Giga Drain|p1a: Dragalge
|-resisted|p1a: Dragalge
|-damage|p1a: Dragalge|130/258 par
|-heal|p2a: Whimsicott|37/238|[from] drain|[of] p1a: Dragalge
|
|-heal|p2a: Whimsicott|51/238|[from] item: Leftovers
|upkeep
|turn|39
|
|t:|1776983340
|switch|p2a: Great Tusk|Great Tusk, L77|121/304 psn
|cant|p1a: Dragalge|par
|
|-heal|p2a: Great Tusk|140/304 psn|[from] item: Leftovers
|-damage|p2a: Great Tusk|102/304 psn|[from] psn
|upkeep
|turn|40
|
|t:|1776983347
|switch|p1a: Walking Wake|Walking Wake, L79|162/286
|move|p2a: Great Tusk|Earthquake|p1a: Walking Wake
|-damage|p1a: Walking Wake|45/286
|
|-heal|p2a: Great Tusk|121/304 psn|[from] item: Leftovers
|-damage|p2a: Great Tusk|83/304 psn|[from] psn
|upkeep
|turn|41
|inactive|Blockhead_chris has 120 seconds left.
|
|t:|1776983394
|move|p1a: Walking Wake|Flip Turn|p2a: Great Tusk
|-supereffective|p2a: Great Tusk
|-damage|p2a: Great Tusk|0 fnt
|faint|p2a: Great Tusk
|-end|p2a: Great Tusk|Protosynthesis|[silent]
|
|t:|1776983398
|-end|p1a: Walking Wake|Protosynthesis|[silent]
|switch|p1a: Dragalge|Dragalge, L88, M|130/258 par|[from] Flip Turn
|
|upkeep
|
|t:|1776983403
|switch|p2a: Samurott|Samurott-Hisui, L77, M|265/265
|turn|42
|inactive|Blockhead_chris has 120 seconds left.
|
|t:|1776983409
|switch|p1a: Walking Wake|Walking Wake, L79|45/286
|move|p2a: Samurott|Ceaseless Edge|p1a: Walking Wake
|-damage|p1a: Walking Wake|0 fnt
|-sidestart|p1: m0untaineer|Spikes
|faint|p1a: Walking Wake
|-end|p1a: Walking Wake|Protosynthesis|[silent]
|
|upkeep
|
|t:|1776983418
|switch|p1a: Great Tusk|Great Tusk, L77|219/304 par
|-damage|p1a: Great Tusk|181/304 par|[from] Spikes
|turn|43
|
|t:|1776983422
|switch|p2a: Whimsicott|Whimsicott, L84, M|51/238
|move|p1a: Great Tusk|Rapid Spin|p2a: Whimsicott
|-damage|p2a: Whimsicott|9/238
|-boost|p1a: Great Tusk|spe|1
|-sideend|p1: m0untaineer|Spikes|[from] move: Rapid Spin|[of] p1a: Great Tusk
|
|-heal|p2a: Whimsicott|23/238|[from] item: Leftovers
|-heal|p1a: Great Tusk|200/304 par|[from] item: Leftovers
|upkeep
|turn|44
|
|t:|1776983428
|-end|p1a: Great Tusk|Protosynthesis|[silent]
|switch|p1a: Dragalge|Dragalge, L88, M|130/258 par
|move|p2a: Whimsicott|Giga Drain|p1a: Dragalge
|-resisted|p1a: Dragalge
|-crit|p1a: Dragalge
|-damage|p1a: Dragalge|118/258 par
|-heal|p2a: Whimsicott|29/238|[from] drain|[of] p1a: Dragalge
|
|-heal|p2a: Whimsicott|43/238|[from] item: Leftovers
|upkeep
|turn|45
|
|t:|1776983432
|switch|p2a: Samurott|Samurott-Hisui, L77, M|265/265
|cant|p1a: Dragalge|par
|
|upkeep
|turn|46
|
|t:|1776983435
|move|p2a: Samurott|Ceaseless Edge|p1a: Dragalge
|-damage|p1a: Dragalge|0 fnt
|-sidestart|p1: m0untaineer|Spikes
|faint|p1a: Dragalge
|
|upkeep
|
|t:|1776983438
|switch|p1a: Great Tusk|Great Tusk, L77|200/304 par
|-damage|p1a: Great Tusk|162/304 par|[from] Spikes
|turn|47
|
|t:|1776983444
|switch|p2a: Whimsicott|Whimsicott, L84, M|43/238
|move|p1a: Great Tusk|Rapid Spin|p2a: Whimsicott
|-damage|p2a: Whimsicott|5/238
|-boost|p1a: Great Tusk|spe|1
|-sideend|p1: m0untaineer|Spikes|[from] move: Rapid Spin|[of] p1a: Great Tusk
|
|-heal|p2a: Whimsicott|19/238|[from] item: Leftovers
|-heal|p1a: Great Tusk|181/304 par|[from] item: Leftovers
|upkeep
|turn|48
|
|t:|1776983455
|-end|p1a: Great Tusk|Protosynthesis|[silent]
|switch|p1a: Deoxys|Deoxys, L74|196/196
|-ability|p1a: Deoxys|Pressure
|move|p2a: Whimsicott|Giga Drain|p1a: Deoxys
|-crit|p1a: Deoxys
|-damage|p1a: Deoxys|19/196
|-heal|p2a: Whimsicott|108/238|[from] drain|[of] p1a: Deoxys
|
|-heal|p2a: Whimsicott|122/238|[from] item: Leftovers
|upkeep
|turn|49
|
|t:|1776983468
|move|p2a: Whimsicott|Stun Spore|p1a: Deoxys|[miss]
|-miss|p2a: Whimsicott|p1a: Deoxys
|move|p1a: Deoxys|Psycho Boost|p2a: Whimsicott
|-damage|p2a: Whimsicott|0 fnt
|-unboost|p1a: Deoxys|spa|2
|faint|p2a: Whimsicott
|-damage|p1a: Deoxys|0 fnt|[from] item: Life Orb
|faint|p1a: Deoxys
|
|upkeep
|
|t:|1776983472
|switch|p1a: Great Tusk|Great Tusk, L77|181/304 par
|switch|p2a: Samurott|Samurott-Hisui, L77, M|265/265
|turn|50
|
|t:|1776983478
|move|p2a: Samurott|Razor Shell|p1a: Great Tusk
|-supereffective|p1a: Great Tusk
|-crit|p1a: Great Tusk
|-damage|p1a: Great Tusk|0 fnt
|faint|p1a: Great Tusk
|-end|p1a: Great Tusk|Protosynthesis|[silent]
|
|upkeep
|
|t:|1776983481
|switch|p1a: Donphan|Donphan, L84, F|288/288
|turn|51
|
|t:|1776983485
|-terastallize|p1a: Donphan|Dragon
|move|p2a: Samurott|Razor Shell|p1a: Donphan
|-resisted|p1a: Donphan
|-crit|p1a: Donphan
|-damage|p1a: Donphan|194/288
|move|p1a: Donphan|Earthquake|p2a: Samurott
|-damage|p2a: Samurott|34/265
|
|upkeep
|turn|52
|
|t:|1776983491
|move|p2a: Samurott|Razor Shell|p1a: Donphan
|-resisted|p1a: Donphan
|-damage|p1a: Donphan|135/288
|-unboost|p1a: Donphan|def|1
|move|p1a: Donphan|Earthquake|p2a: Samurott
|-damage|p2a: Samurott|0 fnt
|faint|p2a: Samurott
|
|win|m0untaineer
|raw|m0untaineer's rating: 1831 &rarr; <strong>1854</strong><br />(+23 for winning)
|raw|Blockhead_chris's rating: 1881 &rarr; <strong>1858</strong><br />(-23 for losing)
|l|☆Blockhead_chris
|player|p2|
