|j|☆yutaxz47
|j|☆PityBae
|t:|1776982336
|gametype|singles
|player|p1|yutaxz47|1|1000
|player|p2|PityBae|1|1000
|gen|9
|tier|[Gen 9] Random Battle
|rated|
|rule|Species Clause: Limit one of each Pokémon
|rule|HP Percentage Mod: HP is shown in percentages
|rule|Sleep Clause Mod: Limit one foe put to sleep
|rule|Illusion Level Mod: Illusion disguises the Pokémon's true level
|
|t:|1776982336
|teamsize|p1|6
|teamsize|p2|6
|start
|switch|p1a: Flygon|Flygon, L82, F|265/265
|switch|p2a: Pachirisu|Pachirisu, L96, M|271/271
|turn|1
|
|t:|1776982351
|move|p2a: Pachirisu|U-turn|p1a: Flygon
|-damage|p1a: Flygon|224/265
|
|t:|1776982358
|switch|p2a: Lurantis|Lurantis, L87, F|264/264|[from] U-turn
|move|p1a: Flygon|Earthquake|p2a: Lurantis
|-resisted|p2a: Lurantis
|-damage|p2a: Lurantis|187/264
|
|upkeep
|turn|2
|
|t:|1776982379
|switch|p1a: Fezandipiti|Fezandipiti, L82, M|278/278
|move|p2a: Lurantis|Superpower|p1a: Fezandipiti
|-resisted|p1a: Fezandipiti
|-damage|p1a: Fezandipiti|252/278
|-boost|p2a: Lurantis|atk|1
|-boost|p2a: Lurantis|def|1
|
|-heal|p1a: Fezandipiti|269/278|[from] item: Leftovers
|upkeep
|turn|3
|
|t:|1776982396
|switch|p2a: Gengar|Gengar, L81, M|230/230
|move|p1a: Fezandipiti|Gunk Shot|p2a: Gengar
|-resisted|p2a: Gengar
|-damage|p2a: Gengar|193/230
|-start|p1a: Fezandipiti|Disable|Gunk Shot|[from] ability: Cursed Body|[of] p2a: Gengar
|
|-heal|p1a: Fezandipiti|278/278|[from] item: Leftovers
|upkeep
|turn|4
|l|☆PityBae
|player|p2|
|j|☆PityBae
|player|p2|PityBae|1|
|
|t:|1776982454
|switch|p1a: Passimian|Passimian, L83, F|302/302
|move|p2a: Gengar|Sludge Wave|p1a: Passimian
|-damage|p1a: Passimian|90/302
|-damage|p2a: Gengar|170/230|[from] item: Life Orb
|
|-heal|p1a: Passimian|108/302|[from] item: Leftovers
|upkeep
|turn|5
|
|t:|1776982469
|move|p2a: Gengar|Shadow Ball|p1a: Passimian
|-damage|p1a: Passimian|0 fnt
|faint|p1a: Passimian
|-damage|p2a: Gengar|147/230|[from] item: Life Orb
|
|upkeep
|l|☆PityBae
|player|p2|
|
|t:|1776982485
|switch|p1a: Flygon|Flygon, L82, F|224/265
|turn|6
|j|☆PityBae
|player|p2|PityBae|1|
|
|t:|1776982540
|switch|p2a: Lurantis|Lurantis, L87, F|187/264
|move|p1a: Flygon|Outrage|p2a: Lurantis
|-damage|p2a: Lurantis|21/264
|
|upkeep
|turn|7
|
|t:|1776982553
|move|p1a: Flygon|Outrage|p2a: Lurantis|[from] lockedmove
|-damage|p2a: Lurantis|0 fnt
|faint|p2a: Lurantis
|-start|p1a: Flygon|confusion|[fatigue]
|
|upkeep
|
|t:|1776982559
|switch|p2a: Cloyster|Cloyster, L80, M|211/211
|turn|8
|
|t:|1776982565
|-activate|p1a: Flygon|confusion
|-damage|p1a: Flygon|193/265|[from] confusion
|move|p2a: Cloyster|Shell Smash|p2a: Cloyster
|-unboost|p2a: Cloyster|def|1
|-unboost|p2a: Cloyster|spd|1
|-boost|p2a: Cloyster|atk|2
|-boost|p2a: Cloyster|spa|2
|-boost|p2a: Cloyster|spe|2
|-enditem|p2a: Cloyster|White Herb
|-clearnegativeboost|p2a: Cloyster|[silent]
|
|upkeep
|turn|9
|
|t:|1776982583
|switch|p1a: Meloetta|Meloetta, L82|298/298
|move|p2a: Cloyster|Shell Smash|p2a: Cloyster
|-unboost|p2a: Cloyster|def|1
|-unboost|p2a: Cloyster|spd|1
|-boost|p2a: Cloyster|atk|2
|-boost|p2a: Cloyster|spa|2
|-boost|p2a: Cloyster|spe|2
|
|upkeep
|turn|10
|
|t:|1776982604
|-terastallize|p2a: Cloyster|Ice
|move|p2a: Cloyster|Icicle Spear|p1a: Meloetta
|-damage|p1a: Meloetta|190/298
|-damage|p1a: Meloetta|74/298
|-damage|p1a: Meloetta|0 fnt
|faint|p1a: Meloetta
|-hitcount|p1: Meloetta|3
|
|upkeep
|
|t:|1776982622
|switch|p1a: Orthworm|Orthworm, L88, F|266/266
|turn|11
|
|t:|1776982647
|move|p2a: Cloyster|Icicle Spear|p1a: Orthworm
|-resisted|p1a: Orthworm
|-damage|p1a: Orthworm|235/266
|-resisted|p1a: Orthworm
|-damage|p1a: Orthworm|205/266
|-resisted|p1a: Orthworm
|-damage|p1a: Orthworm|173/266
|-resisted|p1a: Orthworm
|-damage|p1a: Orthworm|139/266
|-resisted|p1a: Orthworm
|-damage|p1a: Orthworm|110/266
|-hitcount|p1a: Orthworm|5
|move|p1a: Orthworm|Body Press|p2a: Cloyster
|-supereffective|p2a: Cloyster
|-damage|p2a: Cloyster|47/211
|
|-heal|p1a: Orthworm|126/266|[from] item: Leftovers
|upkeep
|turn|12
|
|t:|1776982677
|move|p2a: Cloyster|Icicle Spear|p1a: Orthworm
|-resisted|p1a: Orthworm
|-damage|p1a: Orthworm|94/266
|-resisted|p1a: Orthworm
|-damage|p1a: Orthworm|59/266
|-resisted|p1a: Orthworm
|-damage|p1a: Orthworm|26/266
|-resisted|p1a: Orthworm
|-damage|p1a: Orthworm|0 fnt
|faint|p1a: Orthworm
|-hitcount|p1: Orthworm|4
|
|upkeep
|
|t:|1776982701
|switch|p1a: Flygon|Flygon, L82, F|193/265
|turn|13
|
|t:|1776982708
|move|p2a: Cloyster|Icicle Spear|p1a: Flygon
|-supereffective|p1a: Flygon
|-damage|p1a: Flygon|0 fnt
|faint|p1a: Flygon
|-hitcount|p1: Flygon|1
|
|upkeep
|
|t:|1776982715
|switch|p1a: Alcremie|Alcremie-Caramel-Swirl, L90, F|263/263
|turn|14
|
|t:|1776982725
|move|p2a: Cloyster|Icicle Spear|p1a: Alcremie
|-damage|p1a: Alcremie|159/263
|-damage|p1a: Alcremie|55/263
|-damage|p1a: Alcremie|0 fnt
|faint|p1a: Alcremie
|-hitcount|p1: Alcremie|3
|
|upkeep
|
|t:|1776982732
|switch|p1a: Fezandipiti|Fezandipiti, L82, M|278/278
|turn|15
|
|t:|1776982749
|move|p2a: Cloyster|Icicle Spear|p1a: Fezandipiti
|-damage|p1a: Fezandipiti|166/278
|-damage|p1a: Fezandipiti|58/278
|-damage|p1a: Fezandipiti|0 fnt
|faint|p1a: Fezandipiti
|-hitcount|p1: Fezandipiti|3
|
|win|PityBae
|raw|yutaxz47's rating: 1000 &rarr; <strong>1000</strong><br />(+0 for losing)
|raw|PityBae's rating: 1000 &rarr; <strong>1040</strong><br />(+40 for winning)
