|j|☆player6130
|j|☆kratosblack
|t:|1772747742
|gametype|singles
|player|p1|player6130|170|1222
|player|p2|kratosblack|giovanni|1227
|gen|9
|tier|[Gen 9] Random Battle
|rated|
|rule|Species Clause: Limit one of each Pokémon
|rule|HP Percentage Mod: HP is shown in percentages
|rule|Sleep Clause Mod: Limit one foe put to sleep
|rule|Illusion Level Mod: Illusion disguises the Pokémon's true level
|
|t:|1772747743
|teamsize|p1|6
|teamsize|p2|6
|start
|switch|p1a: Amoonguss|Amoonguss, L82, M|321/321
|switch|p2a: Persian|Persian-Alola, L86, F|252/252
|turn|1
|inactive|Battle timer is ON: inactive players will automatically lose when time's up. (requested by kratosblack)
|
|t:|1772747752
|move|p2a: Persian|Taunt|p1a: Amoonguss
|-start|p1a: Amoonguss|move: Taunt
|cant|p1a: Amoonguss|move: Taunt|Spore
|
|upkeep
|turn|2
|
|t:|1772747760
|move|p2a: Persian|Foul Play|p1a: Amoonguss
|-damage|p1a: Amoonguss|204/321
|move|p1a: Amoonguss|Stomping Tantrum|p2a: Persian
|-damage|p2a: Persian|191/252
|
|-heal|p1a: Amoonguss|224/321|[from] item: Leftovers
|upkeep
|turn|3
|
|t:|1772747768
|switch|p1a: Sylveon|Sylveon, L85, F|300/300
|move|p2a: Persian|Foul Play|p1a: Sylveon
|-resisted|p1a: Sylveon
|-damage|p1a: Sylveon|264/300
|
|-heal|p1a: Sylveon|282/300|[from] item: Leftovers
|upkeep
|turn|4
|
|t:|1772747771
|move|p2a: Persian|Parting Shot|p1a: Sylveon
|-unboost|p1a: Sylveon|atk|1
|-unboost|p1a: Sylveon|spa|1
|
|t:|1772747775
|switch|p2a: Grafaiai|Grafaiai, L86, F|249/249|[from] Parting Shot
|move|p1a: Sylveon|Calm Mind|p1a: Sylveon
|-boost|p1a: Sylveon|spa|1
|-boost|p1a: Sylveon|spd|1
|
|-heal|p1a: Sylveon|300/300|[from] item: Leftovers
|upkeep
|turn|5
|
|t:|1772747786
|move|p2a: Grafaiai|Gunk Shot|p1a: Sylveon
|-supereffective|p1a: Sylveon
|-damage|p1a: Sylveon|0 fnt
|faint|p1a: Sylveon
|-damage|p2a: Grafaiai|225/249|[from] item: Life Orb
|
|upkeep
|
|t:|1772747792
|switch|p1a: Oricorio|Oricorio-Pom-Pom, L82, F|257/257
|turn|6
|
|t:|1772747796
|move|p2a: Grafaiai|Knock Off|p1a: Oricorio
|-damage|p1a: Oricorio|143/257
|-enditem|p1a: Oricorio|Heavy-Duty Boots|[from] move: Knock Off|[of] p2a: Grafaiai
|-damage|p2a: Grafaiai|201/249|[from] item: Life Orb
|move|p1a: Oricorio|Hurricane|p2a: Grafaiai
|-damage|p2a: Grafaiai|68/249
|-start|p2a: Grafaiai|confusion
|
|upkeep
|turn|7
|
|t:|1772747806
|-activate|p2a: Grafaiai|confusion
|move|p2a: Grafaiai|Gunk Shot|p1a: Oricorio|[miss]
|-miss|p2a: Grafaiai|p1a: Oricorio
|move|p1a: Oricorio|Quiver Dance|p1a: Oricorio
|-boost|p1a: Oricorio|spa|1
|-boost|p1a: Oricorio|spd|1
|-boost|p1a: Oricorio|spe|1
|
|upkeep
|turn|8
|
|t:|1772747814
|move|p1a: Oricorio|Hurricane|p2a: Grafaiai
|-damage|p2a: Grafaiai|0 fnt
|faint|p2a: Grafaiai
|
|upkeep
|
|t:|1772747825
|switch|p2a: Wyrdeer|Wyrdeer, L87, F|321/321
|-ability|p2a: Wyrdeer|Intimidate|boost
|-unboost|p1a: Oricorio|atk|1
|turn|9
|
|t:|1772747833
|move|p1a: Oricorio|Hurricane|p2a: Wyrdeer
|-damage|p2a: Wyrdeer|147/321
|move|p2a: Wyrdeer|Body Slam|p1a: Oricorio
|-damage|p1a: Oricorio|20/257
|
|-heal|p2a: Wyrdeer|167/321|[from] item: Leftovers
|upkeep
|turn|10
|
|t:|1772747840
|move|p1a: Oricorio|Hurricane|p2a: Wyrdeer|[miss]
|-miss|p1a: Oricorio|p2a: Wyrdeer
|move|p2a: Wyrdeer|Body Slam|p1a: Oricorio
|-damage|p1a: Oricorio|0 fnt
|faint|p1a: Oricorio
|
|-heal|p2a: Wyrdeer|187/321|[from] item: Leftovers
|upkeep
|
|t:|1772747848
|switch|p1a: Rotom|Rotom-Fan, L86|226/226
|turn|11
|
|t:|1772747852
|move|p1a: Rotom|Nasty Plot|p1a: Rotom
|-boost|p1a: Rotom|spa|2
|move|p2a: Wyrdeer|Body Slam|p1a: Rotom
|-damage|p1a: Rotom|145/226
|
|-heal|p2a: Wyrdeer|207/321|[from] item: Leftovers
|upkeep
|turn|12
|
|t:|1772747863
|move|p1a: Rotom|Thunderbolt|p2a: Wyrdeer
|-damage|p2a: Wyrdeer|0 fnt
|faint|p2a: Wyrdeer
|
|upkeep
|
|t:|1772747869
|switch|p2a: Thundurus|Thundurus-Therian, L80, M|258/258
|turn|13
|
|t:|1772747876
|move|p2a: Thundurus|Sludge Wave|p1a: Rotom
|-damage|p1a: Rotom|69/226
|move|p1a: Rotom|Air Slash|p2a: Thundurus
|-resisted|p2a: Thundurus
|-damage|p2a: Thundurus|156/258
|
|upkeep
|turn|14
|
|t:|1772747881
|move|p2a: Thundurus|Sludge Wave|p1a: Rotom
|-crit|p1a: Rotom
|-damage|p1a: Rotom|0 fnt
|faint|p1a: Rotom
|
|upkeep
|
|t:|1772747884
|switch|p1a: Avalugg|Avalugg-Hisui, L90, F|317/317
|turn|15
|
|t:|1772747889
|-terastallize|p2a: Thundurus|Poison
|move|p2a: Thundurus|Sludge Wave|p1a: Avalugg
|-resisted|p1a: Avalugg
|-damage|p1a: Avalugg|216/317
|move|p1a: Avalugg|Stone Edge|p2a: Thundurus|[miss]
|-miss|p1a: Avalugg|p2a: Thundurus
|
|upkeep
|turn|16
|
|t:|1772747898
|switch|p2a: Revavroom|Revavroom, L79, M|256/256
|move|p1a: Avalugg|Stone Edge|p2a: Revavroom
|-resisted|p2a: Revavroom
|-damage|p2a: Revavroom|174/256
|
|upkeep
|turn|17
|
|t:|1772747907
|move|p2a: Revavroom|High Horsepower|p1a: Avalugg
|-supereffective|p1a: Avalugg
|-crit|p1a: Avalugg
|-damage|p1a: Avalugg|78/317
|-damage|p2a: Revavroom|149/256|[from] item: Life Orb
|move|p1a: Avalugg|Body Press|p2a: Revavroom
|-damage|p2a: Revavroom|32/256
|
|upkeep
|turn|18
|
|t:|1772747913
|move|p2a: Revavroom|High Horsepower|p1a: Avalugg
|-supereffective|p1a: Avalugg
|-damage|p1a: Avalugg|0 fnt
|faint|p1a: Avalugg
|-damage|p2a: Revavroom|7/256|[from] item: Life Orb
|
|upkeep
|
|t:|1772747917
|switch|p1a: Amoonguss|Amoonguss, L82, M|321/321
|turn|19
|
|t:|1772747925
|move|p2a: Revavroom|Shift Gear|p2a: Revavroom
|-boost|p2a: Revavroom|spe|2
|-boost|p2a: Revavroom|atk|1
|move|p1a: Amoonguss|Spore|p2a: Revavroom
|-status|p2a: Revavroom|slp|[from] move: Spore
|
|upkeep
|turn|20
|
|t:|1772747937
|switch|p2a: Thundurus|Thundurus-Therian, L80, M, tera:Poison|156/258
|move|p1a: Amoonguss|Stomping Tantrum|p2a: Thundurus
|-supereffective|p2a: Thundurus
|-damage|p2a: Thundurus|40/258
|
|upkeep
|turn|21
|
|t:|1772747944
|-terastallize|p1a: Amoonguss|Water
|move|p2a: Thundurus|Psychic|p1a: Amoonguss
|-damage|p1a: Amoonguss|237/321
|move|p1a: Amoonguss|Stomping Tantrum|p2a: Thundurus
|-supereffective|p2a: Thundurus
|-damage|p2a: Thundurus|0 fnt
|faint|p2a: Thundurus
|
|-heal|p1a: Amoonguss|257/321|[from] item: Leftovers
|upkeep
|
|t:|1772747955
|switch|p2a: Persian|Persian-Alola, L86, F|191/252
|turn|22
|
|t:|1772747958
|move|p2a: Persian|Foul Play|p1a: Amoonguss
|-damage|p1a: Amoonguss|155/321
|move|p1a: Amoonguss|Spore|p2a: Persian
|-message|Sleep Clause Mod activated.
|-hint|Sleep Clause Mod prevents players from putting more than one of their opponent's Pokémon to sleep at a time
|
|-heal|p1a: Amoonguss|175/321|[from] item: Leftovers
|upkeep
|turn|23
|
|t:|1772747968
|move|p2a: Persian|Foul Play|p1a: Amoonguss
|-damage|p1a: Amoonguss|63/321
|move|p1a: Amoonguss|Sludge Bomb|p2a: Persian
|-damage|p2a: Persian|91/252
|
|-heal|p1a: Amoonguss|83/321|[from] item: Leftovers
|upkeep
|turn|24
|
|t:|1772747976
|move|p2a: Persian|Parting Shot|p1a: Amoonguss
|-unboost|p1a: Amoonguss|atk|1
|-unboost|p1a: Amoonguss|spa|1
|
|t:|1772747979
|switch|p2a: Pelipper|Pelipper, L86, F|243/243|[from] Parting Shot
|-weather|RainDance|[from] ability: Drizzle|[of] p2a: Pelipper
|move|p1a: Amoonguss|Stomping Tantrum|p2a: Pelipper
|-immune|p2a: Pelipper
|
|-weather|RainDance|[upkeep]
|-heal|p1a: Amoonguss|103/321|[from] item: Leftovers
|upkeep
|turn|25
|
|t:|1772747991
|move|p2a: Pelipper|Hydro Pump|p1a: Amoonguss|[miss]
|-miss|p2a: Pelipper|p1a: Amoonguss
|move|p1a: Amoonguss|Giga Drain|p2a: Pelipper
|-damage|p2a: Pelipper|188/243
|-heal|p1a: Amoonguss|131/321|[from] drain|[of] p2a: Pelipper
|
|-weather|RainDance|[upkeep]
|-heal|p1a: Amoonguss|151/321|[from] item: Leftovers
|upkeep
|turn|26
|
|t:|1772747998
|move|p2a: Pelipper|Hurricane|p1a: Amoonguss
|-damage|p1a: Amoonguss|13/321
|move|p1a: Amoonguss|Giga Drain|p2a: Pelipper
|-damage|p2a: Pelipper|136/243
|-heal|p1a: Amoonguss|39/321|[from] drain|[of] p2a: Pelipper
|
|-weather|RainDance|[upkeep]
|-heal|p1a: Amoonguss|59/321|[from] item: Leftovers
|upkeep
|turn|27
|
|t:|1772748007
|move|p2a: Pelipper|Hurricane|p1a: Amoonguss
|-damage|p1a: Amoonguss|0 fnt
|faint|p1a: Amoonguss
|
|-weather|RainDance|[upkeep]
|upkeep
|
|t:|1772748009
|switch|p1a: Sableye|Sableye, L88, F|231/231
|turn|28
|
|t:|1772748016
|move|p1a: Sableye|Thunder Wave|p2a: Pelipper|[miss]
|-miss|p1a: Sableye|p2a: Pelipper
|move|p2a: Pelipper|Hydro Pump|p1a: Sableye
|-damage|p1a: Sableye|24/231
|
|-weather|none
|-heal|p1a: Sableye|38/231|[from] item: Leftovers
|upkeep
|turn|29
|
|t:|1772748026
|move|p1a: Sableye|Thunder Wave|p2a: Pelipper
|-status|p2a: Pelipper|par
|move|p2a: Pelipper|Hurricane|p1a: Sableye
|-damage|p1a: Sableye|0 fnt
|faint|p1a: Sableye
|
|win|kratosblack
|raw|player6130's rating: 1222 &rarr; <strong>1197</strong><br />(-25 for losing)
|raw|kratosblack's rating: 1227 &rarr; <strong>1252</strong><br />(+25 for winning)
