|j|☆Lirvothethird
|j|☆Envymeta_TTV
|t:|1772749559
|gametype|singles
|player|p1|Lirvothethird|pokemonbreeder-gen4|2001
|player|p2|Envymeta_TTV|cynthia|1995
|gen|9
|tier|[Gen 9] Random Battle
|rated|
|rule|Species Clause: Limit one of each Pokémon
|rule|HP Percentage Mod: HP is shown in percentages
|rule|Sleep Clause Mod: Limit one foe put to sleep
|rule|Illusion Level Mod: Illusion disguises the Pokémon's true level
|
|t:|1772749559
|teamsize|p1|6
|teamsize|p2|6
|start
|switch|p1a: Sinistcha|Sinistcha-Masterpiece, L83|254/254
|switch|p2a: Toxapex|Toxapex, L82, F|216/216
|turn|1
|inactive|Battle timer is ON: inactive players will automatically lose when time's up. (requested by Lirvothethird)
|
|t:|1772749566
|switch|p1a: Corviknight|Corviknight, L80, M|288/288
|-ability|p1a: Corviknight|Pressure
|move|p2a: Toxapex|Toxic|p1a: Corviknight
|-immune|p1a: Corviknight
|
|upkeep
|turn|2
|
|t:|1772749574
|move|p1a: Corviknight|Brave Bird|p2a: Toxapex
|-damage|p2a: Toxapex|143/216
|-damage|p1a: Corviknight|240/288|[from] item: Rocky Helmet|[of] p2a: Toxapex
|-damage|p1a: Corviknight|216/288|[from] Recoil
|move|p2a: Toxapex|Liquidation|p1a: Corviknight
|-damage|p1a: Corviknight|155/288
|-unboost|p1a: Corviknight|def|1
|
|-heal|p1a: Corviknight|173/288|[from] item: Leftovers
|upkeep
|turn|3
|
|t:|1772749590
|switch|p1a: Sinistcha|Sinistcha-Masterpiece, L83|254/254
|move|p2a: Toxapex|Toxic|p1a: Sinistcha
|-status|p1a: Sinistcha|tox
|
|-damage|p1a: Sinistcha|239/254 tox|[from] psn
|upkeep
|turn|4
|
|t:|1772749595
|move|p1a: Sinistcha|Matcha Gotcha|p2a: Toxapex
|-damage|p2a: Toxapex|77/216
|-heal|p1a: Sinistcha|254/254 tox|[from] drain|[of] p2a: Toxapex
|move|p2a: Toxapex|Recover|p2a: Toxapex
|-heal|p2a: Toxapex|185/216
|
|-damage|p1a: Sinistcha|224/254 tox|[from] psn
|upkeep
|turn|5
|
|t:|1772749603
|switch|p1a: Corviknight|Corviknight, L80, M|173/288
|-ability|p1a: Corviknight|Pressure
|move|p2a: Toxapex|Liquidation|p1a: Corviknight
|-damage|p1a: Corviknight|113/288
|-unboost|p1a: Corviknight|def|1
|
|-heal|p1a: Corviknight|131/288|[from] item: Leftovers
|upkeep
|turn|6
|
|t:|1772749610
|move|p1a: Corviknight|Roost|p1a: Corviknight
|-heal|p1a: Corviknight|275/288
|-singleturn|p1a: Corviknight|move: Roost
|move|p2a: Toxapex|Liquidation|p1a: Corviknight
|-damage|p1a: Corviknight|185/288
|
|-heal|p1a: Corviknight|203/288|[from] item: Leftovers
|upkeep
|turn|7
|
|t:|1772749618
|switch|p1a: Sinistcha|Sinistcha-Masterpiece, L83|224/254 tox
|move|p2a: Toxapex|Liquidation|p1a: Sinistcha
|-resisted|p1a: Sinistcha
|-damage|p1a: Sinistcha|195/254 tox
|
|-heal|p1a: Sinistcha|210/254 tox|[from] item: Leftovers
|-damage|p1a: Sinistcha|195/254 tox|[from] psn
|upkeep
|turn|8
|
|t:|1772749621
|move|p1a: Sinistcha|Matcha Gotcha|p2a: Toxapex
|-damage|p2a: Toxapex|115/216
|-heal|p1a: Sinistcha|230/254 tox|[from] drain|[of] p2a: Toxapex
|-status|p2a: Toxapex|brn
|move|p2a: Toxapex|Liquidation|p1a: Sinistcha
|-resisted|p1a: Sinistcha
|-damage|p1a: Sinistcha|216/254 tox
|
|-heal|p1a: Sinistcha|231/254 tox|[from] item: Leftovers
|-damage|p1a: Sinistcha|201/254 tox|[from] psn
|-damage|p2a: Toxapex|102/216 brn|[from] brn
|upkeep
|turn|9
|
|t:|1772749639
|switch|p1a: Conkeldurr|Conkeldurr, L80, M|299/299
|switch|p2a: Ursaring|Ursaring, L84, F|288/288
|
|-status|p1a: Conkeldurr|brn|[from] item: Flame Orb
|upkeep
|turn|10
|
|t:|1772749654
|switch|p2a: Decidueye|Decidueye, L88, F|281/281
|move|p1a: Conkeldurr|Knock Off|p2a: Decidueye
|-supereffective|p2a: Decidueye
|-damage|p2a: Decidueye|27/281
|-enditem|p2a: Decidueye|Heavy-Duty Boots|[from] move: Knock Off|[of] p1a: Conkeldurr
|
|-damage|p1a: Conkeldurr|281/299 brn|[from] brn
|upkeep
|turn|11
|
|t:|1772749667
|switch|p1a: Corviknight|Corviknight, L80, M|203/288
|-ability|p1a: Corviknight|Pressure
|move|p2a: Decidueye|Roost|p2a: Decidueye
|-heal|p2a: Decidueye|168/281
|-singleturn|p2a: Decidueye|move: Roost
|
|-heal|p1a: Corviknight|221/288|[from] item: Leftovers
|upkeep
|turn|12
|
|t:|1772749675
|switch|p2a: Toxapex|Toxapex, L82, F|174/216 brn
|switch|p1a: Conkeldurr|Conkeldurr, L80, M|281/299 brn
|
|-damage|p1a: Conkeldurr|263/299 brn|[from] brn
|-damage|p2a: Toxapex|161/216 brn|[from] brn
|upkeep
|turn|13
|
|t:|1772749680
|move|p1a: Conkeldurr|Facade|p2a: Toxapex
|-damage|p2a: Toxapex|41/216 brn
|-damage|p1a: Conkeldurr|214/299 brn|[from] item: Rocky Helmet|[of] p2a: Toxapex
|move|p2a: Toxapex|Recover|p2a: Toxapex
|-heal|p2a: Toxapex|149/216 brn
|
|-damage|p1a: Conkeldurr|196/299 brn|[from] brn
|-damage|p2a: Toxapex|136/216 brn|[from] brn
|upkeep
|turn|14
|
|t:|1772749690
|move|p1a: Conkeldurr|Knock Off|p2a: Toxapex
|-damage|p2a: Toxapex|48/216 brn
|-damage|p1a: Conkeldurr|147/299 brn|[from] item: Rocky Helmet|[of] p2a: Toxapex
|-enditem|p2a: Toxapex|Rocky Helmet|[from] move: Knock Off|[of] p1a: Conkeldurr
|move|p2a: Toxapex|Recover|p2a: Toxapex
|-heal|p2a: Toxapex|156/216 brn
|
|-damage|p1a: Conkeldurr|129/299 brn|[from] brn
|-damage|p2a: Toxapex|143/216 brn|[from] brn
|upkeep
|turn|15
|
|t:|1772749699
|switch|p1a: Sinistcha|Sinistcha-Masterpiece, L83|201/254 tox
|switch|p2a: Decidueye|Decidueye, L88, F|168/281
|
|-heal|p1a: Sinistcha|216/254 tox|[from] item: Leftovers
|-damage|p1a: Sinistcha|201/254 tox|[from] psn
|upkeep
|turn|16
|
|t:|1772749706
|switch|p1a: Corviknight|Corviknight, L80, M|221/288
|-ability|p1a: Corviknight|Pressure
|move|p2a: Decidueye|Spirit Shackle|p1a: Corviknight
|-damage|p1a: Corviknight|127/288
|-activate|p1a: Corviknight|trapped
|
|-heal|p1a: Corviknight|145/288|[from] item: Leftovers
|upkeep
|turn|17
|
|t:|1772749717
|switch|p2a: Toxapex|Toxapex, L82, F|215/216 brn
|move|p1a: Corviknight|Roost|p1a: Corviknight
|-heal|p1a: Corviknight|288/288
|-singleturn|p1a: Corviknight|move: Roost
|
|-damage|p2a: Toxapex|202/216 brn|[from] brn
|upkeep
|turn|18
|
|t:|1772749721
|move|p1a: Corviknight|Brave Bird|p2a: Toxapex
|-damage|p2a: Toxapex|133/216 brn
|-damage|p1a: Corviknight|265/288|[from] Recoil
|move|p2a: Toxapex|Liquidation|p1a: Corviknight
|-damage|p1a: Corviknight|235/288
|
|-heal|p1a: Corviknight|253/288|[from] item: Leftovers
|-damage|p2a: Toxapex|120/216 brn|[from] brn
|upkeep
|turn|19
|
|t:|1772749725
|move|p1a: Corviknight|Brave Bird|p2a: Toxapex
|-damage|p2a: Toxapex|47/216 brn
|-damage|p1a: Corviknight|229/288|[from] Recoil
|move|p2a: Toxapex|Liquidation|p1a: Corviknight
|-damage|p1a: Corviknight|200/288
|
|-heal|p1a: Corviknight|218/288|[from] item: Leftovers
|-damage|p2a: Toxapex|34/216 brn|[from] brn
|upkeep
|turn|20
|
|t:|1772749732
|move|p1a: Corviknight|Brave Bird|p2a: Toxapex
|-damage|p2a: Toxapex|0 fnt
|faint|p2a: Toxapex
|-damage|p1a: Corviknight|207/288|[from] Recoil
|
|-heal|p1a: Corviknight|225/288|[from] item: Leftovers
|upkeep
|
|t:|1772749734
|switch|p2a: Zangoose|Zangoose, L85, M|263/263
|turn|21
|
|t:|1772749740
|move|p2a: Zangoose|Knock Off|p1a: Corviknight
|-damage|p1a: Corviknight|154/288
|-enditem|p1a: Corviknight|Leftovers|[from] move: Knock Off|[of] p2a: Zangoose
|move|p1a: Corviknight|Body Press|p2a: Zangoose
|-supereffective|p2a: Zangoose
|-damage|p2a: Zangoose|117/263
|
|-status|p2a: Zangoose|tox|[from] item: Toxic Orb
|upkeep
|turn|22
|
|t:|1772749750
|move|p2a: Zangoose|Close Combat|p1a: Corviknight
|-damage|p1a: Corviknight|5/288
|-unboost|p2a: Zangoose|def|1
|-unboost|p2a: Zangoose|spd|1
|move|p1a: Corviknight|Roost|p1a: Corviknight
|-heal|p1a: Corviknight|149/288
|-singleturn|p1a: Corviknight|move: Roost
|
|-damage|p2a: Zangoose|101/263 tox|[from] psn
|upkeep
|turn|23
|
|t:|1772749758
|switch|p2a: Ursaring|Ursaring, L84, F|288/288
|move|p1a: Corviknight|Body Press|p2a: Ursaring
|-supereffective|p2a: Ursaring
|-damage|p2a: Ursaring|196/288
|
|upkeep
|turn|24
|
|t:|1772749764
|switch|p1a: Sinistcha|Sinistcha-Masterpiece, L83|201/254 tox
|move|p2a: Ursaring|Body Slam|p1a: Sinistcha
|-immune|p1a: Sinistcha
|
|-heal|p1a: Sinistcha|216/254 tox|[from] item: Leftovers
|-damage|p1a: Sinistcha|201/254 tox|[from] psn
|upkeep
|turn|25
|
|t:|1772749775
|switch|p2a: Zangoose|Zangoose, L85, M|101/263 tox
|move|p1a: Sinistcha|Calm Mind|p1a: Sinistcha
|-boost|p1a: Sinistcha|spa|1
|-boost|p1a: Sinistcha|spd|1
|
|-heal|p1a: Sinistcha|216/254 tox|[from] item: Leftovers
|-damage|p2a: Zangoose|85/263 tox|[from] psn
|-damage|p1a: Sinistcha|186/254 tox|[from] psn
|upkeep
|turn|26
|
|t:|1772749780
|move|p2a: Zangoose|Knock Off|p1a: Sinistcha
|-supereffective|p1a: Sinistcha
|-damage|p1a: Sinistcha|0 fnt
|-enditem|p1a: Sinistcha|Leftovers|[from] move: Knock Off|[of] p2a: Zangoose
|faint|p1a: Sinistcha
|
|-damage|p2a: Zangoose|53/263 tox|[from] psn
|upkeep
|
|t:|1772749785
|switch|p1a: Floatzel|Floatzel, L86, M|286/286
|turn|27
|
|t:|1772749790
|switch|p2a: Decidueye|Decidueye, L88, F|168/281
|move|p1a: Floatzel|Flip Turn|p2a: Decidueye
|-resisted|p2a: Decidueye
|-damage|p2a: Decidueye|110/281
|
|t:|1772749792
|switch|p1a: Corviknight|Corviknight, L80, M|149/288|[from] Flip Turn
|-ability|p1a: Corviknight|Pressure
|
|upkeep
|turn|28
|
|t:|1772749798
|move|p2a: Decidueye|Roost|p2a: Decidueye
|-heal|p2a: Decidueye|251/281
|-singleturn|p2a: Decidueye|move: Roost
|move|p1a: Corviknight|Roost|p1a: Corviknight
|-heal|p1a: Corviknight|288/288
|-singleturn|p1a: Corviknight|move: Roost
|
|upkeep
|turn|29
|
|t:|1772749801
|switch|p2a: Ursaring|Ursaring, L84, F|196/288
|move|p1a: Corviknight|Brave Bird|p2a: Ursaring
|-crit|p2a: Ursaring
|-damage|p2a: Ursaring|81/288
|-damage|p1a: Corviknight|250/288|[from] Recoil
|
|upkeep
|turn|30
|
|t:|1772749809
|move|p1a: Corviknight|Body Press|p2a: Ursaring
|-supereffective|p2a: Ursaring
|-damage|p2a: Ursaring|0 fnt
|faint|p2a: Ursaring
|
|upkeep
|
|t:|1772749832
|switch|p2a: Decidueye|Decidueye, L88, F|251/281
|turn|31
|
|t:|1772749835
|move|p2a: Decidueye|Spirit Shackle|p1a: Corviknight
|-damage|p1a: Corviknight|153/288
|-activate|p1a: Corviknight|trapped
|move|p1a: Corviknight|Brave Bird|p2a: Decidueye
|-supereffective|p2a: Decidueye
|-damage|p2a: Decidueye|0 fnt
|faint|p2a: Decidueye
|-damage|p1a: Corviknight|70/288|[from] Recoil
|
|upkeep
|
|t:|1772749842
|switch|p2a: Zangoose|Zangoose, L85, M|53/263 tox
|turn|32
|
|t:|1772749846
|move|p2a: Zangoose|Facade|p1a: Corviknight
|-resisted|p1a: Corviknight
|-damage|p1a: Corviknight|0 fnt
|faint|p1a: Corviknight
|
|-damage|p2a: Zangoose|37/263 tox|[from] psn
|upkeep
|
|t:|1772749848
|switch|p1a: Conkeldurr|Conkeldurr, L80, M|129/299 brn
|turn|33
|
|t:|1772749852
|switch|p2a: Florges|Florges-White, L85, F|271/271
|move|p1a: Conkeldurr|Mach Punch|p2a: Florges
|-resisted|p2a: Florges
|-damage|p2a: Florges|224/271
|
|-heal|p2a: Florges|240/271|[from] item: Leftovers
|-damage|p1a: Conkeldurr|111/299 brn|[from] brn
|upkeep
|turn|34
|
|t:|1772749863
|switch|p1a: Avalugg|Avalugg-Hisui, L90, M|317/317
|move|p2a: Florges|Moonblast|p1a: Avalugg
|-crit|p1a: Avalugg
|-damage|p1a: Avalugg|37/317
|
|-heal|p2a: Florges|256/271|[from] item: Leftovers
|upkeep
|turn|35
|
|t:|1772749869
|move|p2a: Florges|Tera Blast|p1a: Avalugg
|-resisted|p1a: Avalugg
|-damage|p1a: Avalugg|0 fnt
|faint|p1a: Avalugg
|
|-heal|p2a: Florges|271/271|[from] item: Leftovers
|upkeep
|
|t:|1772749870
|switch|p1a: Floatzel|Floatzel, L86, M|286/286
|turn|36
|
|t:|1772749879
|-terastallize|p1a: Floatzel|Water
|move|p1a: Floatzel|Wave Crash|p2a: Florges
|-crit|p2a: Florges
|-damage|p2a: Florges|0 fnt
|faint|p2a: Florges
|-damage|p1a: Floatzel|197/286|[from] Recoil
|
|upkeep
|
|t:|1772749890
|switch|p2a: Roaring Moon|Roaring Moon, L72|270/270
|turn|37
|
|t:|1772749894
|move|p1a: Floatzel|Wave Crash|p2a: Roaring Moon
|-resisted|p2a: Roaring Moon
|-damage|p2a: Roaring Moon|64/270
|-damage|p1a: Floatzel|129/286|[from] Recoil
|move|p2a: Roaring Moon|Dragon Dance|p2a: Roaring Moon
|-boost|p2a: Roaring Moon|atk|1
|-boost|p2a: Roaring Moon|spe|1
|
|upkeep
|turn|38
|
|t:|1772749898
|switch|p1a: Groudon|Groudon, L72|263/263
|-weather|SunnyDay|[from] ability: Drought|[of] p1a: Groudon
|-activate|p2a: Roaring Moon|ability: Protosynthesis
|-start|p2a: Roaring Moon|protosynthesisatk
|move|p2a: Roaring Moon|Knock Off|p1a: Groudon
|-damage|p1a: Groudon|95/263
|-enditem|p1a: Groudon|Leftovers|[from] move: Knock Off|[of] p2a: Roaring Moon
|
|-weather|SunnyDay|[upkeep]
|upkeep
|turn|39
|c|☆Lirvothethird|Gg?
|inactive|Envymeta_TTV has 120 seconds left.
|
|t:|1772749928
|move|p2a: Roaring Moon|Knock Off|p1a: Groudon
|-damage|p1a: Groudon|0 fnt
|faint|p1a: Groudon
|
|-weather|SunnyDay|[upkeep]
|upkeep
|c|☆Lirvothethird|Unless you can somehow tera out of mach
|
|t:|1772749936
|switch|p1a: Conkeldurr|Conkeldurr, L80, M|111/299 brn
|turn|40
|c|☆Envymeta_TTV|Yes
|
|t:|1772749942
|move|p1a: Conkeldurr|Mach Punch|p2a: Roaring Moon
|-supereffective|p2a: Roaring Moon
|-damage|p2a: Roaring Moon|0 fnt
|faint|p2a: Roaring Moon
|-end|p2a: Roaring Moon|Protosynthesis|[silent]
|
|-weather|SunnyDay|[upkeep]
|-damage|p1a: Conkeldurr|93/299 brn|[from] brn
|upkeep
|
|t:|1772749949
|switch|p2a: Zangoose|Zangoose, L85, M|37/263 tox
|turn|41
|c|☆Envymeta_TTV|You understand
|
|t:|1772749962
|-terastallize|p2a: Zangoose|Normal
|move|p2a: Zangoose|Quick Attack|p1a: Conkeldurr
|-damage|p1a: Conkeldurr|0 fnt
|faint|p1a: Conkeldurr
|
|-weather|SunnyDay|[upkeep]
|-damage|p2a: Zangoose|21/263 tox|[from] psn
|upkeep
|
|t:|1772749965
|switch|p1a: Floatzel|Floatzel, L86, M, tera:Water|129/286
|turn|42
|
|t:|1772749969
|move|p2a: Zangoose|Quick Attack|p1a: Floatzel
|-damage|p1a: Floatzel|0 fnt
|faint|p1a: Floatzel
|
|win|Envymeta_TTV
|raw|Lirvothethird's rating: 2001 &rarr; <strong>1981</strong><br />(-20 for losing)
|raw|Envymeta_TTV's rating: 1995 &rarr; <strong>2015</strong><br />(+20 for winning)
|c|☆Lirvothethird|Oof
|c|☆Lirvothethird|gg
|c|☆Lirvothethird|Wp
|l|☆Lirvothethird
|player|p1|
