|j|☆settodici 0
|j|☆Neo Cilpcolp
|t:|1772744287
|gametype|singles
|player|p1|settodici 0|102|1159
|player|p2|Neo Cilpcolp|drayden|1204
|gen|9
|tier|[Gen 9] Random Battle
|rated|
|rule|Species Clause: Limit one of each Pokémon
|rule|HP Percentage Mod: HP is shown in percentages
|rule|Sleep Clause Mod: Limit one foe put to sleep
|rule|Illusion Level Mod: Illusion disguises the Pokémon's true level
|
|t:|1772744287
|teamsize|p1|6
|teamsize|p2|6
|start
|switch|p1a: Kingdra|Kingdra, L84, M|263/263
|switch|p2a: Ting-Lu|Ting-Lu, L78|370/370
|-ability|p2a: Ting-Lu|Vessel of Ruin
|turn|1
|inactive|Battle timer is ON: inactive players will automatically lose when time's up. (requested by Neo Cilpcolp)
|
|t:|1772744312
|move|p1a: Kingdra|Rain Dance|p1a: Kingdra
|-weather|RainDance
|move|p2a: Ting-Lu|Payback|p1a: Kingdra
|-damage|p1a: Kingdra|163/263
|
|-weather|RainDance|[upkeep]
|upkeep
|turn|2
|
|t:|1772744324
|switch|p2a: Swanna|Swanna, L89, M|278/278
|move|p1a: Kingdra|Wave Crash|p2a: Swanna
|-resisted|p2a: Swanna
|-damage|p2a: Swanna|131/278
|-damage|p1a: Kingdra|114/263|[from] Recoil
|-damage|p1a: Kingdra|88/263|[from] item: Life Orb
|
|-weather|RainDance|[upkeep]
|upkeep
|turn|3
|
|t:|1772744338
|move|p1a: Kingdra|Wave Crash|p2a: Swanna
|-resisted|p2a: Swanna
|-damage|p2a: Swanna|0 fnt
|faint|p2a: Swanna
|-damage|p1a: Kingdra|45/263|[from] Recoil
|-damage|p1a: Kingdra|19/263|[from] item: Life Orb
|
|-weather|RainDance|[upkeep]
|upkeep
|
|t:|1772744360
|switch|p2a: Umbreon|Umbreon, L84, F|297/297
|turn|4
|
|t:|1772744364
|move|p1a: Kingdra|Draco Meteor|p2a: Umbreon|[miss]
|-miss|p1a: Kingdra|p2a: Umbreon
|move|p2a: Umbreon|Wish|p2a: Umbreon
|
|-weather|RainDance|[upkeep]
|upkeep
|turn|5
|
|t:|1772744371
|move|p1a: Kingdra|Draco Meteor|p2a: Umbreon
|-damage|p2a: Umbreon|163/297
|-unboost|p1a: Kingdra|spa|2
|-damage|p1a: Kingdra|0 fnt|[from] item: Life Orb
|faint|p1a: Kingdra
|move|p2a: Umbreon|Foul Play|p1: Kingdra|[notarget]
|-fail|p2a: Umbreon
|
|-weather|none
|-heal|p2a: Umbreon|297/297|[from] move: Wish|[wisher] Umbreon
|upkeep
|
|t:|1772744392
|switch|p1a: Passimian|Passimian, L83, M|302/302
|turn|6
|
|t:|1772744411
|switch|p2a: Garchomp|Garchomp, L74, F|282/282
|move|p1a: Passimian|Close Combat|p2a: Garchomp
|-damage|p2a: Garchomp|27/282
|-unboost|p1a: Passimian|def|1
|-unboost|p1a: Passimian|spd|1
|-damage|p1a: Passimian|265/302|[from] ability: Rough Skin|[of] p2a: Garchomp
|-damage|p1a: Passimian|215/302|[from] item: Rocky Helmet|[of] p2a: Garchomp
|
|upkeep
|turn|7
|
|t:|1772744423
|move|p2a: Garchomp|Earthquake|p1a: Passimian
|-damage|p1a: Passimian|52/302
|move|p1a: Passimian|Close Combat|p2a: Garchomp
|-damage|p2a: Garchomp|0 fnt
|-unboost|p1a: Passimian|def|1
|-unboost|p1a: Passimian|spd|1
|-damage|p1a: Passimian|15/302|[from] ability: Rough Skin|[of] p2a: Garchomp
|-damage|p1a: Passimian|0 fnt|[from] item: Rocky Helmet|[of] p2a: Garchomp
|faint|p2a: Garchomp
|faint|p1a: Passimian
|
|upkeep
|
|t:|1772744437
|switch|p2a: Umbreon|Umbreon, L84, F|297/297
|switch|p1a: Gyarados|Gyarados, L79, F|280/280
|-ability|p1a: Gyarados|Intimidate|boost
|-unboost|p2a: Umbreon|atk|1
|turn|8
|
|t:|1772744457
|move|p1a: Gyarados|Dragon Dance|p1a: Gyarados
|-boost|p1a: Gyarados|atk|1
|-boost|p1a: Gyarados|spe|1
|move|p2a: Umbreon|Toxic|p1a: Gyarados
|-status|p1a: Gyarados|tox
|
|-damage|p1a: Gyarados|263/280 tox|[from] psn
|upkeep
|turn|9
|
|t:|1772744467
|move|p1a: Gyarados|Dragon Dance|p1a: Gyarados
|-boost|p1a: Gyarados|atk|1
|-boost|p1a: Gyarados|spe|1
|move|p2a: Umbreon|Foul Play|p1a: Gyarados
|-damage|p1a: Gyarados|0 fnt
|faint|p1a: Gyarados
|
|upkeep
|
|t:|1772744482
|switch|p1a: Terrakion|Terrakion, L79|273/273
|turn|10
|inactive|Neo Cilpcolp has 120 seconds left.
|
|t:|1772744513
|switch|p2a: Ting-Lu|Ting-Lu, L78|370/370
|-ability|p2a: Ting-Lu|Vessel of Ruin
|move|p1a: Terrakion|Swords Dance|p1a: Terrakion
|-boost|p1a: Terrakion|atk|2
|
|upkeep
|turn|11
|inactive|Neo Cilpcolp has 120 seconds left.
|inactive|Neo Cilpcolp has 90 seconds left.
|
|t:|1772744559
|-terastallize|p2a: Ting-Lu|Poison
|move|p1a: Terrakion|Close Combat|p2a: Ting-Lu
|-resisted|p2a: Ting-Lu
|-damage|p2a: Ting-Lu|228/370
|-unboost|p1a: Terrakion|def|1
|-unboost|p1a: Terrakion|spd|1
|-damage|p1a: Terrakion|246/273|[from] item: Life Orb
|move|p2a: Ting-Lu|Earthquake|p1a: Terrakion
|-supereffective|p1a: Terrakion
|-damage|p1a: Terrakion|0 fnt
|faint|p1a: Terrakion
|
|-heal|p2a: Ting-Lu|251/370|[from] item: Leftovers
|upkeep
|inactive|settodici 0 has 120 seconds left.
|
|t:|1772744583
|switch|p1a: Overqwil|Overqwil, L82, F|274/274
|-ability|p1a: Overqwil|Intimidate|boost
|-unboost|p2a: Ting-Lu|atk|1
|turn|12
|inactive|settodici 0 has 120 seconds left.
|inactive|Neo Cilpcolp has 90 seconds left.
|
|t:|1772744609
|switch|p2a: Umbreon|Umbreon, L84, F|297/297
|move|p1a: Overqwil|Swords Dance|p1a: Overqwil
|-boost|p1a: Overqwil|atk|2
|
|upkeep
|turn|13
|inactive|settodici 0 has 120 seconds left.
|
|t:|1772744625
|move|p1a: Overqwil|Gunk Shot|p2a: Umbreon
|-damage|p2a: Umbreon|53/297
|move|p2a: Umbreon|Foul Play|p1a: Overqwil
|-resisted|p1a: Overqwil
|-crit|p1a: Overqwil
|-damage|p1a: Overqwil|110/274
|
|-heal|p2a: Umbreon|71/297|[from] item: Leftovers
|upkeep
|turn|14
|inactive|settodici 0 has 120 seconds left.
|inactive|Neo Cilpcolp has 90 seconds left.
|
|t:|1772744637
|move|p1a: Overqwil|Crunch|p2a: Umbreon
|-resisted|p2a: Umbreon
|-damage|p2a: Umbreon|0 fnt
|faint|p2a: Umbreon
|
|upkeep
|
|t:|1772744640
|switch|p2a: Tornadus|Tornadus, L82, M|264/264
|turn|15
|
|t:|1772744653
|move|p2a: Tornadus|Bleakwind Storm|p1a: Overqwil
|-damage|p1a: Overqwil|0 fnt
|faint|p1a: Overqwil
|
|upkeep
|
|t:|1772744657
|switch|p1a: Espeon|Espeon, L84, F|246/246
|turn|16
|inactive|settodici 0 has 120 seconds left.
|
|t:|1772744684
|move|p2a: Tornadus|Nasty Plot|p2a: Tornadus
|-boost|p2a: Tornadus|spa|2
|move|p1a: Espeon|Calm Mind|p1a: Espeon
|-boost|p1a: Espeon|spa|1
|-boost|p1a: Espeon|spd|1
|
|upkeep
|turn|17
|inactive|settodici 0 has 120 seconds left.
|
|t:|1772744697
|move|p1a: Espeon|Psychic|p2a: Tornadus
|-damage|p2a: Tornadus|3/264
|-damage|p1a: Espeon|222/246|[from] item: Life Orb
|move|p2a: Tornadus|Bleakwind Storm|p1a: Espeon
|-damage|p1a: Espeon|56/246
|
|upkeep
|turn|18
|inactive|settodici 0 has 120 seconds left.
|
|t:|1772744705
|move|p1a: Espeon|Psychic|p2a: Tornadus
|-damage|p2a: Tornadus|0 fnt
|faint|p2a: Tornadus
|-damage|p1a: Espeon|32/246|[from] item: Life Orb
|
|upkeep
|
|t:|1772744707
|switch|p2a: Ursaring|Ursaring, L84, M|288/288
|turn|19
|inactive|settodici 0 has 120 seconds left.
|
|t:|1772744736
|move|p1a: Espeon|Psychic|p2a: Ursaring
|-damage|p2a: Ursaring|3/288
|-damage|p1a: Espeon|8/246|[from] item: Life Orb
|move|p2a: Ursaring|Throat Chop|p1a: Espeon
|-supereffective|p1a: Espeon
|-damage|p1a: Espeon|0 fnt
|faint|p1a: Espeon
|
|win|Neo Cilpcolp
|raw|settodici 0's rating: 1134 &rarr; <strong>1114</strong><br />(-20 for losing)
|raw|Neo Cilpcolp's rating: 1204 &rarr; <strong>1224</strong><br />(+20 for winning)
