|j|☆ak_the_gr8
|j|☆CrimsonNova555
|t:|1776970324
|gametype|singles
|player|p1|ak_the_gr8|pokemonrangerf-gen4|1208
|player|p2|CrimsonNova555|nate|1216
|gen|9
|tier|[Gen 9] Random Battle
|rated|
|rule|Species Clause: Limit one of each Pokémon
|rule|HP Percentage Mod: HP is shown in percentages
|rule|Sleep Clause Mod: Limit one foe put to sleep
|rule|Illusion Level Mod: Illusion disguises the Pokémon's true level
|
|t:|1776970324
|teamsize|p1|6
|teamsize|p2|6
|start
|switch|p1a: Golurk|Golurk, L87|297/297
|switch|p2a: Passimian|Passimian, L83, M|302/302
|turn|1
|inactive|Battle timer is ON: inactive players will automatically lose when time's up. (requested by CrimsonNova555)
|
|t:|1776970349
|move|p2a: Passimian|Knock Off|p1a: Golurk
|-supereffective|p1a: Golurk
|-crit|p1a: Golurk
|-damage|p1a: Golurk|27/297
|-enditem|p1a: Golurk|Choice Band|[from] move: Knock Off|[of] p2a: Passimian
|move|p1a: Golurk|Earthquake|p2a: Passimian
|-damage|p2a: Passimian|154/302
|
|-heal|p2a: Passimian|172/302|[from] item: Leftovers
|upkeep
|turn|2
|
|t:|1776970372
|switch|p1a: Fezandipiti|Fezandipiti, L82, M|278/278
|move|p2a: Passimian|Knock Off|p1a: Fezandipiti
|-resisted|p1a: Fezandipiti
|-damage|p1a: Fezandipiti|231/278
|-enditem|p1a: Fezandipiti|Leftovers|[from] move: Knock Off|[of] p2a: Passimian
|
|-heal|p2a: Passimian|190/302|[from] item: Leftovers
|upkeep
|turn|3
|inactive|CrimsonNova555 has 120 seconds left.
|inactive|CrimsonNova555 has 90 seconds left.
|c|☆ak_the_gr8|attack fast or the timer may make you lose
|
|t:|1776970438
|move|p1a: Fezandipiti|Swords Dance|p1a: Fezandipiti
|-boost|p1a: Fezandipiti|atk|2
|move|p2a: Passimian|Knock Off|p1a: Fezandipiti
|-resisted|p1a: Fezandipiti
|-damage|p1a: Fezandipiti|203/278
|
|-heal|p2a: Passimian|208/302|[from] item: Leftovers
|upkeep
|turn|4
|inactive|CrimsonNova555 has 90 seconds left.
|
|t:|1776970445
|move|p1a: Fezandipiti|Play Rough|p2a: Passimian
|-supereffective|p2a: Passimian
|-damage|p2a: Passimian|0 fnt
|faint|p2a: Passimian
|
|upkeep
|inactive|CrimsonNova555 has 90 seconds left.
|
|t:|1776970451
|switch|p2a: Solgaleo|Solgaleo, L74|325/325
|turn|5
|
|t:|1776970463
|-terastallize|p1a: Fezandipiti|Ground
|move|p1a: Fezandipiti|Tera Blast|p2a: Solgaleo|[anim] Tera Blast Ground
|-supereffective|p2a: Solgaleo
|-damage|p2a: Solgaleo|37/325
|move|p2a: Solgaleo|Sunsteel Strike|p1a: Fezandipiti
|-damage|p1a: Fezandipiti|89/278
|
|-heal|p2a: Solgaleo|57/325|[from] item: Leftovers
|upkeep
|turn|6
|inactive|CrimsonNova555 has 90 seconds left.
|
|t:|1776970481
|switch|p2a: Houndstone|Houndstone, L86, F|264/264
|move|p1a: Fezandipiti|Tera Blast|p2a: Houndstone|[anim] Tera Blast Ground
|-damage|p2a: Houndstone|123/264
|
|upkeep
|turn|7
|
|t:|1776970493
|move|p1a: Fezandipiti|Tera Blast|p2a: Houndstone|[anim] Tera Blast Ground
|-damage|p2a: Houndstone|0 fnt
|faint|p2a: Houndstone
|
|upkeep
|
|t:|1776970497
|switch|p2a: Barraskewda|Barraskewda, L81, F|231/231
|turn|8
|
|t:|1776970504
|move|p2a: Barraskewda|Flip Turn|p1a: Fezandipiti
|-supereffective|p1a: Fezandipiti
|-damage|p1a: Fezandipiti|0 fnt
|faint|p1a: Fezandipiti
|
|t:|1776970508
|switch|p2a: Whimsicott|Whimsicott, L84, F|238/238|[from] Flip Turn
|
|upkeep
|
|t:|1776970535
|switch|p1a: Registeel|Registeel, L81|262/262
|turn|9
|inactive|CrimsonNova555 has 120 seconds left.
|inactive|CrimsonNova555 has 90 seconds left.
|
|t:|1776970571
|move|p2a: Whimsicott|Leech Seed|p1a: Registeel
|-start|p1a: Registeel|move: Leech Seed
|move|p1a: Registeel|Iron Defense|p1a: Registeel
|-boost|p1a: Registeel|def|2
|
|-damage|p1a: Registeel|230/262|[from] Leech Seed|[of] p2a: Whimsicott
|upkeep
|turn|10
|
|t:|1776970580
|move|p2a: Whimsicott|Encore|p1a: Registeel
|-start|p1a: Registeel|Encore
|move|p1a: Registeel|Iron Defense|p1a: Registeel
|-boost|p1a: Registeel|def|2
|
|-damage|p1a: Registeel|198/262|[from] Leech Seed|[of] p2a: Whimsicott
|upkeep
|turn|11
|
|t:|1776970604
|switch|p1a: Bellossom|Bellossom, L84, M|263/263
|move|p2a: Whimsicott|Substitute|p2a: Whimsicott
|-start|p2a: Whimsicott|Substitute
|-damage|p2a: Whimsicott|179/238
|
|-heal|p2a: Whimsicott|193/238|[from] item: Leftovers
|upkeep
|turn|12
|inactive|ak_the_gr8 has 120 seconds left.
|
|t:|1776970620
|move|p2a: Whimsicott|Moonblast|p1a: Bellossom
|-damage|p1a: Bellossom|190/263
|-unboost|p1a: Bellossom|spa|1
|move|p1a: Bellossom|Quiver Dance|p1a: Bellossom
|-boost|p1a: Bellossom|spa|1
|-boost|p1a: Bellossom|spd|1
|-boost|p1a: Bellossom|spe|1
|
|-heal|p2a: Whimsicott|207/238|[from] item: Leftovers
|-heal|p1a: Bellossom|206/263|[from] item: Leftovers
|upkeep
|turn|13
|inactive|ak_the_gr8 has 120 seconds left.
|
|t:|1776970632
|move|p2a: Whimsicott|Encore|p1a: Bellossom
|-start|p1a: Bellossom|Encore
|move|p1a: Bellossom|Quiver Dance|p1a: Bellossom
|-boost|p1a: Bellossom|spa|1
|-boost|p1a: Bellossom|spd|1
|-boost|p1a: Bellossom|spe|1
|
|-heal|p1a: Bellossom|222/263|[from] item: Leftovers
|-heal|p2a: Whimsicott|221/238|[from] item: Leftovers
|upkeep
|turn|14
|
|t:|1776970640
|switch|p2a: Torkoal|Torkoal, L88, M|266/266
|-weather|SunnyDay|[from] ability: Drought|[of] p2a: Torkoal
|move|p1a: Bellossom|Quiver Dance|p1a: Bellossom
|-boost|p1a: Bellossom|spa|1
|-boost|p1a: Bellossom|spd|1
|-boost|p1a: Bellossom|spe|1
|
|-weather|SunnyDay|[upkeep]
|-heal|p1a: Bellossom|238/263|[from] item: Leftovers
|upkeep
|turn|15
|
|t:|1776970655
|move|p1a: Bellossom|Quiver Dance|p1a: Bellossom
|-boost|p1a: Bellossom|spa|1
|-boost|p1a: Bellossom|spd|1
|-boost|p1a: Bellossom|spe|1
|move|p2a: Torkoal|Lava Plume|p1a: Bellossom
|-supereffective|p1a: Bellossom
|-damage|p1a: Bellossom|152/263
|-status|p1a: Bellossom|brn
|
|-weather|SunnyDay|[upkeep]
|-heal|p1a: Bellossom|168/263 brn|[from] item: Leftovers
|-damage|p1a: Bellossom|152/263 brn|[from] brn
|-end|p1a: Bellossom|Encore
|upkeep
|turn|16
|inactive|CrimsonNova555 has 120 seconds left.
|
|t:|1776970676
|move|p1a: Bellossom|Sludge Bomb|p2a: Torkoal
|-damage|p2a: Torkoal|105/266
|move|p2a: Torkoal|Lava Plume|p1a: Bellossom
|-supereffective|p1a: Bellossom
|-damage|p1a: Bellossom|66/263 brn
|
|-weather|SunnyDay|[upkeep]
|-heal|p1a: Bellossom|82/263 brn|[from] item: Leftovers
|-damage|p1a: Bellossom|66/263 brn|[from] brn
|upkeep
|turn|17
|inactive|CrimsonNova555 has 120 seconds left.
|
|t:|1776970689
|move|p1a: Bellossom|Sludge Bomb|p2a: Torkoal
|-damage|p2a: Torkoal|0 fnt
|faint|p2a: Torkoal
|
|-weather|SunnyDay|[upkeep]
|-heal|p1a: Bellossom|82/263 brn|[from] item: Leftovers
|-damage|p1a: Bellossom|66/263 brn|[from] brn
|upkeep
|
|t:|1776970691
|switch|p2a: Solgaleo|Solgaleo, L74|57/325
|turn|18
|
|t:|1776970708
|move|p1a: Bellossom|Giga Drain|p2a: Solgaleo
|-resisted|p2a: Solgaleo
|-damage|p2a: Solgaleo|0 fnt
|-heal|p1a: Bellossom|95/263 brn|[from] drain|[of] p2a: Solgaleo
|faint|p2a: Solgaleo
|
|-weather|none
|-heal|p1a: Bellossom|111/263 brn|[from] item: Leftovers
|-damage|p1a: Bellossom|95/263 brn|[from] brn
|upkeep
|
|t:|1776970718
|switch|p2a: Whimsicott|Whimsicott, L84, F|221/238
|turn|19
|
|t:|1776970731
|-terastallize|p2a: Whimsicott|Steel
|move|p2a: Whimsicott|Encore|p1a: Bellossom
|-start|p1a: Bellossom|Encore
|move|p1a: Bellossom|Giga Drain|p2a: Whimsicott
|-resisted|p2a: Whimsicott
|-damage|p2a: Whimsicott|119/238
|-heal|p1a: Bellossom|146/263 brn|[from] drain|[of] p2a: Whimsicott
|
|-heal|p1a: Bellossom|162/263 brn|[from] item: Leftovers
|-heal|p2a: Whimsicott|133/238|[from] item: Leftovers
|-damage|p1a: Bellossom|146/263 brn|[from] brn
|upkeep
|turn|20
|
|t:|1776970743
|move|p2a: Whimsicott|Substitute|p2a: Whimsicott
|-start|p2a: Whimsicott|Substitute
|-damage|p2a: Whimsicott|74/238
|move|p1a: Bellossom|Giga Drain|p2a: Whimsicott
|-resisted|p2a: Whimsicott
|-end|p2a: Whimsicott|Substitute
|-heal|p1a: Bellossom|176/263 brn|[from] drain|[of] p2a: Whimsicott
|
|-heal|p1a: Bellossom|192/263 brn|[from] item: Leftovers
|-heal|p2a: Whimsicott|88/238|[from] item: Leftovers
|-damage|p1a: Bellossom|176/263 brn|[from] brn
|upkeep
|turn|21
|-message|CrimsonNova555 forfeited.
|
|win|ak_the_gr8
|raw|ak_the_gr8's rating: 1208 &rarr; <strong>1234</strong><br />(+26 for winning)
|raw|CrimsonNova555's rating: 1216 &rarr; <strong>1190</strong><br />(-26 for losing)
|l|☆CrimsonNova555
|player|p2|
