|j|☆Puacubillas
|j|☆kupchun
|t:|1776975912
|gametype|singles
|player|p1|Puacubillas|265|1734
|player|p2|kupchun|102|1669
|gen|9
|tier|[Gen 9] Random Battle
|rated|
|rule|Species Clause: Limit one of each Pokémon
|rule|HP Percentage Mod: HP is shown in percentages
|rule|Sleep Clause Mod: Limit one foe put to sleep
|rule|Illusion Level Mod: Illusion disguises the Pokémon's true level
|
|t:|1776975912
|teamsize|p1|6
|teamsize|p2|6
|start
|switch|p1a: Zebstrika|Zebstrika, L87, F|272/272
|switch|p2a: Tauros|Tauros, L82, M|257/257
|turn|1
|inactive|Battle timer is ON: inactive players will automatically lose when time's up. (requested by Puacubillas)
|
|t:|1776975928
|move|p1a: Zebstrika|Volt Switch|p2a: Tauros
|-damage|p2a: Tauros|144/257
|-damage|p1a: Zebstrika|245/272|[from] item: Life Orb
|
|t:|1776975932
|switch|p1a: Drifblim|Drifblim, L86, M|396/396|[from] Volt Switch
|move|p2a: Tauros|Body Slam|p1a: Drifblim
|-immune|p1a: Drifblim
|
|upkeep
|turn|2
|
|t:|1776975941
|move|p2a: Tauros|Throat Chop|p1a: Drifblim
|-supereffective|p1a: Drifblim
|-damage|p1a: Drifblim|100/396
|-enditem|p1a: Drifblim|Sitrus Berry|[eat]
|-heal|p1a: Drifblim|199/396|[from] item: Sitrus Berry
|move|p1a: Drifblim|Air Slash|p2a: Tauros
|-damage|p2a: Tauros|44/257
|
|upkeep
|turn|3
|
|t:|1776975950
|switch|p1a: Darkrai|Darkrai, L77|234/234
|switch|p2a: Meloetta|Meloetta, L82|298/298
|
|upkeep
|turn|4
|
|t:|1776975965
|move|p1a: Darkrai|Dark Pulse|p2a: Meloetta
|-supereffective|p2a: Meloetta
|-damage|p2a: Meloetta|160/298
|move|p2a: Meloetta|Focus Blast|p1a: Darkrai
|-supereffective|p1a: Darkrai
|-damage|p1a: Darkrai|0 fnt
|faint|p1a: Darkrai
|-damage|p2a: Meloetta|131/298|[from] item: Life Orb
|
|upkeep
|
|t:|1776975976
|switch|p1a: Dugtrio|Dugtrio, L84, F|196/196
|turn|5
|
|t:|1776975980
|move|p1a: Dugtrio|Earthquake|p2a: Meloetta
|-damage|p2a: Meloetta|0 fnt
|faint|p2a: Meloetta
|-damage|p1a: Dugtrio|177/196|[from] item: Life Orb
|
|upkeep
|
|t:|1776975983
|switch|p2a: Appletun|Appletun, L92, F|352/352
|turn|6
|
|t:|1776975990
|switch|p1a: Drifblim|Drifblim, L86, M|199/396
|move|p2a: Appletun|Dragon Tail|p1a: Drifblim
|-damage|p1a: Drifblim|87/396
|drag|p1a: Cresselia|Cresselia, L80, F|323/323
|
|upkeep
|turn|7
|
|t:|1776975998
|move|p1a: Cresselia|Moonblast|p2a: Appletun
|-supereffective|p2a: Appletun
|-damage|p2a: Appletun|242/352
|-unboost|p2a: Appletun|spa|1
|move|p2a: Appletun|Apple Acid|p1a: Cresselia
|-damage|p1a: Cresselia|262/323
|-unboost|p1a: Cresselia|spd|1
|
|-heal|p1a: Cresselia|282/323|[from] item: Leftovers
|-heal|p2a: Appletun|264/352|[from] item: Leftovers
|upkeep
|turn|8
|
|t:|1776976006
|move|p1a: Cresselia|Moonblast|p2a: Appletun
|-supereffective|p2a: Appletun
|-damage|p2a: Appletun|164/352
|move|p2a: Appletun|Dragon Tail|p1a: Cresselia
|-damage|p1a: Cresselia|219/323
|drag|p1a: Drifblim|Drifblim, L86, M|87/396
|
|-heal|p2a: Appletun|186/352|[from] item: Leftovers
|upkeep
|turn|9
|
|t:|1776976015
|switch|p2a: Tauros|Tauros, L82, M|44/257
|move|p1a: Drifblim|Strength Sap|p2a: Tauros
|-unboost|p2a: Tauros|atk|1
|-heal|p1a: Drifblim|298/396
|
|upkeep
|turn|10
|
|t:|1776976027
|move|p2a: Tauros|Throat Chop|p1a: Drifblim
|-supereffective|p1a: Drifblim
|-damage|p1a: Drifblim|121/396
|move|p1a: Drifblim|Air Slash|p2a: Tauros
|-damage|p2a: Tauros|0 fnt
|faint|p2a: Tauros
|
|upkeep
|
|t:|1776976031
|switch|p2a: Iron Valiant|Iron Valiant, L78|244/244
|turn|11
|
|t:|1776976041
|switch|p1a: Cresselia|Cresselia, L80, F|219/323
|move|p2a: Iron Valiant|Knock Off|p1a: Cresselia
|-supereffective|p1a: Cresselia
|-damage|p1a: Cresselia|37/323
|-enditem|p1a: Cresselia|Leftovers|[from] move: Knock Off|[of] p2a: Iron Valiant
|-damage|p2a: Iron Valiant|220/244|[from] item: Life Orb
|
|upkeep
|turn|12
|
|t:|1776976047
|move|p2a: Iron Valiant|Spirit Break|p1a: Cresselia
|-damage|p1a: Cresselia|0 fnt
|faint|p1a: Cresselia
|-damage|p2a: Iron Valiant|196/244|[from] item: Life Orb
|
|upkeep
|
|t:|1776976055
|switch|p1a: Zebstrika|Zebstrika, L87, F|245/272
|turn|13
|
|t:|1776976059
|-end|p2a: Iron Valiant|Quark Drive|[silent]
|switch|p2a: Appletun|Appletun, L92, F|186/352
|move|p1a: Zebstrika|Volt Switch|p2a: Appletun
|-resisted|p2a: Appletun
|-damage|p2a: Appletun|165/352
|-damage|p1a: Zebstrika|218/272|[from] item: Life Orb
|
|t:|1776976065
|switch|p1a: Drifblim|Drifblim, L86, M|121/396|[from] Volt Switch
|
|-heal|p2a: Appletun|187/352|[from] item: Leftovers
|upkeep
|turn|14
|
|t:|1776976072
|move|p1a: Drifblim|Air Slash|p2a: Appletun
|-supereffective|p2a: Appletun
|-damage|p2a: Appletun|35/352
|move|p2a: Appletun|Recover|p2a: Appletun
|-heal|p2a: Appletun|211/352
|
|-heal|p2a: Appletun|233/352|[from] item: Leftovers
|upkeep
|turn|15
|
|t:|1776976081
|switch|p2a: Scream Tail|Scream Tail, L84|330/330
|move|p1a: Drifblim|Calm Mind|p1a: Drifblim
|-boost|p1a: Drifblim|spa|1
|-boost|p1a: Drifblim|spd|1
|
|upkeep
|turn|16
|
|t:|1776976086
|move|p2a: Scream Tail|Thunder Wave|p1a: Drifblim
|-status|p1a: Drifblim|par
|move|p1a: Drifblim|Shadow Ball|p2a: Scream Tail
|-supereffective|p2a: Scream Tail
|-damage|p2a: Scream Tail|124/330
|
|-heal|p2a: Scream Tail|144/330|[from] item: Leftovers
|upkeep
|turn|17
|
|t:|1776976095
|-end|p2a: Scream Tail|Protosynthesis|[silent]
|switch|p2a: Appletun|Appletun, L92, F|233/352
|cant|p1a: Drifblim|par
|
|-heal|p2a: Appletun|255/352|[from] item: Leftovers
|upkeep
|turn|18
|
|t:|1776976101
|move|p2a: Appletun|Draco Meteor|p1a: Drifblim
|-damage|p1a: Drifblim|0 fnt
|-unboost|p2a: Appletun|spa|2
|faint|p1a: Drifblim
|
|-heal|p2a: Appletun|277/352|[from] item: Leftovers
|upkeep
|inactive|Puacubillas has 120 seconds left.
|
|t:|1776976132
|switch|p1a: Rhydon|Rhydon, L85, M|317/317
|turn|19
|
|t:|1776976144
|switch|p2a: Scream Tail|Scream Tail, L84|144/330
|-terastallize|p1a: Rhydon|Flying
|move|p1a: Rhydon|Swords Dance|p1a: Rhydon
|-boost|p1a: Rhydon|atk|2
|
|-heal|p2a: Scream Tail|164/330|[from] item: Leftovers
|upkeep
|turn|20
|
|t:|1776976168
|move|p2a: Scream Tail|Wish|p2a: Scream Tail
|move|p1a: Rhydon|Earthquake|p2a: Scream Tail
|-damage|p2a: Scream Tail|0 fnt
|faint|p2a: Scream Tail
|-end|p2a: Scream Tail|Protosynthesis|[silent]
|
|upkeep
|
|t:|1776976176
|switch|p2a: Appletun|Appletun, L92, F|277/352
|turn|21
|
|t:|1776976183
|-terastallize|p2a: Appletun|Steel
|move|p1a: Rhydon|Megahorn|p2a: Appletun
|-resisted|p2a: Appletun
|-damage|p2a: Appletun|174/352
|move|p2a: Appletun|Dragon Tail|p1a: Rhydon
|-damage|p1a: Rhydon|280/317
|drag|p1a: Dugtrio|Dugtrio, L84, F|177/196
|
|-heal|p2a: Appletun|339/352|[from] move: Wish|[wisher] Scream Tail
|-heal|p2a: Appletun|352/352|[from] item: Leftovers
|upkeep
|turn|22
|
|t:|1776976193
|move|p1a: Dugtrio|Earthquake|p2a: Appletun
|-supereffective|p2a: Appletun
|-damage|p2a: Appletun|92/352
|-damage|p1a: Dugtrio|158/196|[from] item: Life Orb
|move|p2a: Appletun|Apple Acid|p1a: Dugtrio
|-supereffective|p1a: Dugtrio
|-damage|p1a: Dugtrio|0 fnt
|faint|p1a: Dugtrio
|
|-heal|p2a: Appletun|114/352|[from] item: Leftovers
|upkeep
|
|t:|1776976203
|switch|p1a: Rhydon|Rhydon, L85, M, tera:Flying|280/317
|turn|23
|
|t:|1776976207
|move|p1a: Rhydon|Swords Dance|p1a: Rhydon
|-boost|p1a: Rhydon|atk|2
|move|p2a: Appletun|Draco Meteor|p1a: Rhydon
|-damage|p1a: Rhydon|117/317
|-unboost|p2a: Appletun|spa|2
|
|-heal|p2a: Appletun|136/352|[from] item: Leftovers
|upkeep
|turn|24
|
|t:|1776976210
|move|p1a: Rhydon|Earthquake|p2a: Appletun
|-supereffective|p2a: Appletun
|-damage|p2a: Appletun|0 fnt
|faint|p2a: Appletun
|
|upkeep
|
|t:|1776976212
|switch|p2a: Vileplume|Vileplume, L85, M|266/266
|turn|25
|
|t:|1776976217
|move|p2a: Vileplume|Sludge Bomb|p1a: Rhydon
|-damage|p1a: Rhydon|0 fnt
|faint|p1a: Rhydon
|
|upkeep
|
|t:|1776976220
|switch|p1a: Zebstrika|Zebstrika, L87, F|218/272
|turn|26
|
|t:|1776976226
|switch|p2a: Iron Valiant|Iron Valiant, L78|196/244
|move|p1a: Zebstrika|Overheat|p2a: Iron Valiant
|-damage|p2a: Iron Valiant|49/244
|-unboost|p1a: Zebstrika|spa|2
|-damage|p1a: Zebstrika|191/272|[from] item: Life Orb
|
|upkeep
|turn|27
|
|t:|1776976236
|move|p1a: Zebstrika|High Horsepower|p2a: Iron Valiant
|-damage|p2a: Iron Valiant|0 fnt
|faint|p2a: Iron Valiant
|-end|p2a: Iron Valiant|Quark Drive|[silent]
|-damage|p1a: Zebstrika|164/272|[from] item: Life Orb
|
|upkeep
|
|t:|1776976238
|switch|p2a: Vileplume|Vileplume, L85, M|266/266
|turn|28
|
|t:|1776976243
|move|p1a: Zebstrika|High Horsepower|p2a: Vileplume
|-damage|p2a: Vileplume|170/266
|-damage|p1a: Zebstrika|137/272|[from] item: Life Orb
|move|p2a: Vileplume|Sludge Bomb|p1a: Zebstrika
|-damage|p1a: Zebstrika|0 fnt
|faint|p1a: Zebstrika
|
|win|kupchun
|raw|Puacubillas's rating: 1734 &rarr; <strong>1710</strong><br />(-24 for losing)
|raw|kupchun's rating: 1669 &rarr; <strong>1693</strong><br />(+24 for winning)
|c|☆kupchun|gg
|l|☆Puacubillas
|player|p1|
