|j|☆aexnol
|j|‽izumisakuranoodle
|t:|1776976680
|gametype|singles
|player|p1|aexnol|101|1158
|player|p2|izumisakuranoodle|2|1116
|gen|9
|tier|[Gen 9] Random Battle
|rated|
|rule|Species Clause: Limit one of each Pokémon
|rule|HP Percentage Mod: HP is shown in percentages
|rule|Sleep Clause Mod: Limit one foe put to sleep
|rule|Illusion Level Mod: Illusion disguises the Pokémon's true level
|
|t:|1776976680
|teamsize|p1|6
|teamsize|p2|6
|start
|switch|p1a: Ting-Lu|Ting-Lu, L78|370/370
|switch|p2a: Heatran|Heatran, L79, F|273/273
|-item|p2a: Heatran|Air Balloon
|-ability|p1a: Ting-Lu|Vessel of Ruin
|turn|1
|inactive|Battle timer is ON: inactive players will automatically lose when time's up. (requested by izumisakuranoodle)
|
|t:|1776976701
|switch|p2a: Palafin|Palafin, L77, M|281/281
|move|p1a: Ting-Lu|Stealth Rock|p2a: Palafin
|-sidestart|p2: izumisakuranoodle|move: Stealth Rock
|
|upkeep
|turn|2
|
|t:|1776976723
|switch|p1a: Lapras|Lapras, L87, F|368/368
|move|p2a: Palafin|Ice Punch|p1a: Lapras
|-resisted|p1a: Lapras
|-damage|p1a: Lapras|358/368
|
|upkeep
|turn|3
|
|t:|1776976742
|detailschange|p2a: Palafin|Palafin-Hero, L77, M
|switch|p2a: Spidops|Spidops, L96, M|271/271
|move|p1a: Lapras|Freeze-Dry|p2a: Spidops
|-damage|p2a: Spidops|211/271
|
|upkeep
|turn|4
|
|t:|1776976758
|move|p1a: Lapras|Sparkling Aria|p2a: Spidops
|-damage|p2a: Spidops|121/271
|move|p2a: Spidops|Sticky Web|p1a: Lapras
|-sidestart|p1: aexnol|move: Sticky Web
|
|upkeep
|turn|5
|
|t:|1776976764
|move|p1a: Lapras|Sparkling Aria|p2a: Spidops
|-damage|p2a: Spidops|34/271
|move|p2a: Spidops|Circle Throw|p1a: Lapras
|-supereffective|p1a: Lapras
|-damage|p1a: Lapras|254/368
|drag|p1a: Tropius|Tropius, L91, M|328/328
|
|upkeep
|turn|6
|
|t:|1776976780
|move|p1a: Tropius|Air Slash|p2a: Spidops
|-supereffective|p2a: Spidops
|-damage|p2a: Spidops|0 fnt
|faint|p2a: Spidops
|
|upkeep
|inactive|izumisakuranoodle has 120 seconds left.
|inactive|izumisakuranoodle has 90 seconds left.
|c|☆aexnol|cmon!
|c|☆aexnol|lets playyyyyy
|
|t:|1776976862
|switch|p2a: Heatran|Heatran, L79, F|273/273
|-damage|p2a: Heatran|239/273|[from] Stealth Rock
|-item|p2a: Heatran|Air Balloon
|turn|7
|
|t:|1776976889
|switch|p1a: Lapras|Lapras, L87, F|254/368
|move|p2a: Heatran|Magma Storm|p1a: Lapras
|-damage|p1a: Lapras|142/368
|-activate|p1a: Lapras|move: Magma Storm|[of] p2a: Heatran
|
|-damage|p1a: Lapras|96/368|[from] move: Magma Storm|[partiallytrapped]
|upkeep
|turn|8
|
|t:|1776976907
|move|p2a: Heatran|Magma Storm|p1a: Lapras
|-damage|p1a: Lapras|0 fnt
|faint|p1a: Lapras
|
|upkeep
|
|t:|1776976918
|switch|p1a: Greninja|Greninja, L80, M|246/246
|-activate|p1a: Greninja|move: Sticky Web
|-unboost|p1a: Greninja|spe|1
|turn|9
|
|t:|1776976932
|switch|p2a: Palafin|Palafin-Hero, L77, M|281/281
|-damage|p2a: Palafin|246/281|[from] Stealth Rock
|-activate|p2a: Palafin|ability: Zero to Hero
|move|p1a: Greninja|Hydro Pump|p2a: Palafin
|-start|p1a: Greninja|typechange|Water|[from] ability: Protean
|-resisted|p2a: Palafin
|-damage|p2a: Palafin|164/281
|-damage|p1a: Greninja|222/246|[from] item: Life Orb
|
|-heal|p2a: Palafin|181/281|[from] item: Leftovers
|upkeep
|turn|10
|
|t:|1776976947
|move|p2a: Palafin|Bulk Up|p2a: Palafin
|-boost|p2a: Palafin|atk|1
|-boost|p2a: Palafin|def|1
|move|p1a: Greninja|Gunk Shot|p2a: Palafin
|-damage|p2a: Palafin|111/281
|-damage|p1a: Greninja|198/246|[from] item: Life Orb
|
|-heal|p2a: Palafin|128/281|[from] item: Leftovers
|upkeep
|turn|11
|
|t:|1776976959
|move|p2a: Palafin|Drain Punch|p1a: Greninja
|-damage|p1a: Greninja|80/246
|-heal|p2a: Palafin|187/281|[from] drain|[of] p1a: Greninja
|move|p1a: Greninja|Gunk Shot|p2a: Palafin
|-damage|p2a: Palafin|122/281
|-status|p2a: Palafin|psn
|-damage|p1a: Greninja|56/246|[from] item: Life Orb
|
|-heal|p2a: Palafin|139/281 psn|[from] item: Leftovers
|-damage|p2a: Palafin|104/281 psn|[from] psn
|upkeep
|turn|12
|inactive|aexnol has 120 seconds left.
|
|t:|1776976986
|move|p2a: Palafin|Drain Punch|p1a: Greninja
|-damage|p1a: Greninja|0 fnt
|-heal|p2a: Palafin|132/281 psn|[from] drain|[of] p1a: Greninja
|faint|p1a: Greninja
|
|-heal|p2a: Palafin|149/281 psn|[from] item: Leftovers
|-damage|p2a: Palafin|114/281 psn|[from] psn
|upkeep
|
|t:|1776976996
|switch|p1a: Delphox|Delphox, L84, M|263/263
|-activate|p1a: Delphox|move: Sticky Web
|-unboost|p1a: Delphox|spe|1
|turn|13
|
|t:|1776977010
|-terastallize|p1a: Delphox|Fighting
|move|p2a: Palafin|Jet Punch|p1a: Delphox
|-damage|p1a: Delphox|121/263
|move|p1a: Delphox|Grass Knot|p2a: Palafin
|-supereffective|p2a: Palafin
|-damage|p2a: Palafin|0 fnt
|faint|p2a: Palafin
|
|upkeep
|
|t:|1776977020
|switch|p2a: Heatran|Heatran, L79, F|239/273
|-damage|p2a: Heatran|205/273|[from] Stealth Rock
|-item|p2a: Heatran|Air Balloon
|turn|14
|inactive|aexnol has 120 seconds left.
|
|t:|1776977026
|move|p2a: Heatran|Magma Storm|p1a: Delphox
|-damage|p1a: Delphox|22/263
|-activate|p1a: Delphox|move: Magma Storm|[of] p2a: Heatran
|move|p1a: Delphox|Grass Knot|p2a: Heatran
|-resisted|p2a: Heatran
|-damage|p2a: Heatran|174/273
|-enditem|p2a: Heatran|Air Balloon
|
|-damage|p1a: Delphox|0 fnt|[from] move: Magma Storm|[partiallytrapped]
|faint|p1a: Delphox
|upkeep
|inactive|aexnol has 120 seconds left.
|
|t:|1776977038
|switch|p1a: Ting-Lu|Ting-Lu, L78|370/370
|-activate|p1a: Ting-Lu|move: Sticky Web
|-unboost|p1a: Ting-Lu|spe|1
|-ability|p1a: Ting-Lu|Vessel of Ruin
|turn|15
|inactive|aexnol has 120 seconds left.
|inactive|izumisakuranoodle has 90 seconds left.
|
|t:|1776977049
|-terastallize|p2a: Heatran|Flying
|move|p2a: Heatran|Magma Storm|p1a: Ting-Lu
|-damage|p1a: Ting-Lu|271/370
|-activate|p1a: Ting-Lu|move: Magma Storm|[of] p2a: Heatran
|move|p1a: Ting-Lu|Earthquake|p2a: Heatran
|-immune|p2a: Heatran
|
|-heal|p1a: Ting-Lu|294/370|[from] item: Leftovers
|-damage|p1a: Ting-Lu|248/370|[from] move: Magma Storm|[partiallytrapped]
|upkeep
|turn|16
|inactive|izumisakuranoodle has 90 seconds left.
|inactive|aexnol has 120 seconds left.
|
|t:|1776977075
|move|p2a: Heatran|Heavy Slam|p1a: Ting-Lu
|-damage|p1a: Ting-Lu|220/370
|move|p1a: Ting-Lu|Throat Chop|p2a: Heatran
|-damage|p2a: Heatran|102/273
|-start|p2a: Heatran|Throat Chop|[silent]
|
|-heal|p1a: Ting-Lu|243/370|[from] item: Leftovers
|-damage|p1a: Ting-Lu|197/370|[from] move: Magma Storm|[partiallytrapped]
|upkeep
|turn|17
|inactive|aexnol has 120 seconds left.
|
|t:|1776977088
|switch|p2a: Slither Wing|Slither Wing, L81|270/270
|move|p1a: Ting-Lu|Throat Chop|p2a: Slither Wing
|-resisted|p2a: Slither Wing
|-damage|p2a: Slither Wing|222/270
|-start|p2a: Slither Wing|Throat Chop|[silent]
|
|-heal|p1a: Ting-Lu|220/370|[from] item: Leftovers
|-end|p1a: Ting-Lu|Magma Storm|[partiallytrapped]|[silent]
|upkeep
|turn|18
|inactive|aexnol has 120 seconds left.
|
|t:|1776977103
|switch|p1a: Tropius|Tropius, L91, M|328/328
|move|p2a: Slither Wing|Close Combat|p1a: Tropius
|-resisted|p1a: Tropius
|-damage|p1a: Tropius|256/328
|-unboost|p2a: Slither Wing|def|1
|-unboost|p2a: Slither Wing|spd|1
|
|-end|p2a: Slither Wing|Throat Chop|[silent]
|upkeep
|turn|19
|inactive|aexnol has 120 seconds left.
|c|☆aexnol|lol gg :(
|
|t:|1776977128
|move|p2a: Slither Wing|U-turn|p1a: Tropius
|-damage|p1a: Tropius|166/328
|inactive|izumisakuranoodle has 60 seconds left.
|
|t:|1776977139
|-end|p2a: Slither Wing|Protosynthesis|[silent]
|switch|p2a: Heatran|Heatran, L79, F, tera:Flying|102/273|[from] U-turn
|-damage|p2a: Heatran|34/273|[from] Stealth Rock
|move|p1a: Tropius|Substitute|p1a: Tropius
|-start|p1a: Tropius|Substitute
|-damage|p1a: Tropius|84/328
|-enditem|p1a: Tropius|Sitrus Berry|[eat]
|-heal|p1a: Tropius|166/328|[from] item: Sitrus Berry
|
|upkeep
|turn|20
|inactive|aexnol has 120 seconds left.
|
|t:|1776977159
|move|p1a: Tropius|Protect|p1a: Tropius
|-singleturn|p1a: Tropius|Protect
|move|p2a: Heatran|Magma Storm|p1a: Tropius
|-activate|p1a: Tropius|move: Protect
|
|upkeep
|turn|21
|inactive|aexnol has 120 seconds left.
|
|t:|1776977165
|switch|p2a: Corviknight|Corviknight, L80, F|288/288
|-damage|p2a: Corviknight|252/288|[from] Stealth Rock
|move|p1a: Tropius|Leech Seed|p2a: Corviknight
|-start|p2a: Corviknight|move: Leech Seed
|
|-damage|p2a: Corviknight|216/288|[from] Leech Seed|[of] p1a: Tropius
|-heal|p1a: Tropius|202/328|[silent]
|upkeep
|turn|22
|inactive|aexnol has 120 seconds left.
|
|t:|1776977177
|move|p1a: Tropius|Protect|p1a: Tropius
|-singleturn|p1a: Tropius|Protect
|move|p2a: Corviknight|U-turn|p1a: Tropius
|-activate|p1a: Tropius|move: Protect
|
|-damage|p2a: Corviknight|180/288|[from] Leech Seed|[of] p1a: Tropius
|-heal|p1a: Tropius|238/328|[silent]
|upkeep
|turn|23
|inactive|aexnol has 120 seconds left.
|
|t:|1776977187
|move|p2a: Corviknight|U-turn|p1a: Tropius
|-activate|p1a: Tropius|move: Substitute|[damage]
|c|☆aexnol|do i have a chance???
|
|t:|1776977205
|switch|p2a: Conkeldurr|Conkeldurr, L80, M|299/299|[from] U-turn
|-damage|p2a: Conkeldurr|281/299|[from] Stealth Rock
|move|p1a: Tropius|Air Slash|p2a: Conkeldurr
|-supereffective|p2a: Conkeldurr
|-damage|p2a: Conkeldurr|95/299
|
|-item|p1a: Tropius|Sitrus Berry|[from] ability: Harvest
|-status|p2a: Conkeldurr|brn|[from] item: Flame Orb
|upkeep
|turn|24
|
|t:|1776977217
|move|p1a: Tropius|Air Slash|p2a: Conkeldurr
|-supereffective|p2a: Conkeldurr
|-damage|p2a: Conkeldurr|0 fnt
|faint|p2a: Conkeldurr
|
|upkeep
|
|t:|1776977221
|switch|p2a: Corviknight|Corviknight, L80, F|180/288
|-damage|p2a: Corviknight|144/288|[from] Stealth Rock
|turn|25
|
|t:|1776977239
|move|p2a: Corviknight|Brave Bird|p1a: Tropius
|-supereffective|p1a: Tropius
|-end|p1a: Tropius|Substitute
|-damage|p2a: Corviknight|131/288|[from] Recoil|[of] p1a: Tropius
|move|p1a: Tropius|Leech Seed|p2a: Corviknight
|-start|p2a: Corviknight|move: Leech Seed
|
|-damage|p2a: Corviknight|95/288|[from] Leech Seed|[of] p1a: Tropius
|-heal|p1a: Tropius|274/328|[silent]
|upkeep
|turn|26
|
|t:|1776977247
|move|p1a: Tropius|Protect|p1a: Tropius
|-singleturn|p1a: Tropius|Protect
|move|p2a: Corviknight|Brave Bird|p1a: Tropius
|-activate|p1a: Tropius|move: Protect
|
|-damage|p2a: Corviknight|59/288|[from] Leech Seed|[of] p1a: Tropius
|-heal|p1a: Tropius|310/328|[silent]
|upkeep
|turn|27
|inactive|izumisakuranoodle has 90 seconds left.
|
|t:|1776977258
|move|p2a: Corviknight|Brave Bird|p1a: Tropius
|-supereffective|p1a: Tropius
|-crit|p1a: Tropius
|-damage|p1a: Tropius|0 fnt
|faint|p1a: Tropius
|-damage|p2a: Corviknight|0 fnt|[from] Recoil
|faint|p2a: Corviknight
|
|upkeep
|inactive|izumisakuranoodle has 90 seconds left.
|
|t:|1776977269
|switch|p2a: Slither Wing|Slither Wing, L81|222/270
|switch|p1a: Ting-Lu|Ting-Lu, L78|220/370
|-activate|p1a: Ting-Lu|move: Sticky Web
|-unboost|p1a: Ting-Lu|spe|1
|-ability|p1a: Ting-Lu|Vessel of Ruin
|turn|28
|
|t:|1776977280
|move|p2a: Slither Wing|Close Combat|p1a: Ting-Lu
|-supereffective|p1a: Ting-Lu
|-damage|p1a: Ting-Lu|0 fnt
|-unboost|p2a: Slither Wing|def|1
|-unboost|p2a: Slither Wing|spd|1
|faint|p1a: Ting-Lu
|
|upkeep
|
|t:|1776977286
|switch|p1a: Oranguru|Oranguru, L92, M|315/315
|-activate|p1a: Oranguru|move: Sticky Web
|-unboost|p1a: Oranguru|spe|1
|turn|29
|
|t:|1776977295
|move|p2a: Slither Wing|U-turn|p1a: Oranguru
|-supereffective|p1a: Oranguru
|-damage|p1a: Oranguru|151/315
|
|t:|1776977297
|-end|p2a: Slither Wing|Protosynthesis|[silent]
|switch|p2a: Heatran|Heatran, L79, F, tera:Flying|34/273|[from] U-turn
|-damage|p2a: Heatran|0 fnt|[from] Stealth Rock
|faint|p2a: Heatran
|move|p1a: Oranguru|Psychic|p2: Heatran|[notarget]
|-fail|p1a: Oranguru
|
|-heal|p1a: Oranguru|170/315|[from] item: Leftovers
|upkeep
|
|t:|1776977305
|switch|p2a: Slither Wing|Slither Wing, L81|222/270
|turn|30
|c|☆aexnol|good luck lol
|
|t:|1776977314
|move|p2a: Slither Wing|U-turn|p1a: Oranguru
|-supereffective|p1a: Oranguru
|-damage|p1a: Oranguru|0 fnt
|faint|p1a: Oranguru
|
|win|izumisakuranoodle
|raw|aexnol's rating: 1158 &rarr; <strong>1130</strong><br />(-28 for losing)
|raw|izumisakuranoodle's rating: 1116 &rarr; <strong>1144</strong><br />(+28 for winning)
