|j|☆liljuicewrldvert
|j|☆Poscidion
|t:|1772751413
|gametype|singles
|player|p1|liljuicewrldvert|roxie|1407
|player|p2|Poscidion|169|1437
|gen|9
|tier|[Gen 9] Random Battle
|rated|
|rule|Species Clause: Limit one of each Pokémon
|rule|HP Percentage Mod: HP is shown in percentages
|rule|Sleep Clause Mod: Limit one foe put to sleep
|rule|Illusion Level Mod: Illusion disguises the Pokémon's true level
|
|t:|1772751413
|teamsize|p1|6
|teamsize|p2|6
|start
|switch|p1a: Pecharunt|Pecharunt, L77|262/262
|switch|p2a: Masquerain|Masquerain, L87, M|264/264
|-ability|p2a: Masquerain|Intimidate|boost
|-unboost|p1a: Pecharunt|atk|1
|turn|1
|
|t:|1772751422
|move|p2a: Masquerain|Stun Spore|p1a: Pecharunt
|-status|p1a: Pecharunt|par
|move|p1a: Pecharunt|Malignant Chain|p2a: Masquerain
|-damage|p2a: Masquerain|179/264
|
|upkeep
|turn|2
|
|t:|1772751426
|move|p2a: Masquerain|Sticky Web|p1a: Pecharunt
|-sidestart|p1: liljuicewrldvert|move: Sticky Web
|move|p1a: Pecharunt|Malignant Chain|p2a: Masquerain
|-damage|p2a: Masquerain|92/264
|-status|p2a: Masquerain|tox
|-start|p2a: Masquerain|confusion|[from] ability: Poison Puppeteer|[of] p1a: Pecharunt
|
|-damage|p2a: Masquerain|76/264 tox|[from] psn
|upkeep
|turn|3
|inactive|Battle timer is ON: inactive players will automatically lose when time's up. (requested by liljuicewrldvert)
|
|t:|1772751436
|-activate|p2a: Masquerain|confusion
|-damage|p2a: Masquerain|49/264 tox|[from] confusion
|cant|p1a: Pecharunt|par
|
|-damage|p2a: Masquerain|17/264 tox|[from] psn
|upkeep
|turn|4
|
|t:|1772751442
|-activate|p2a: Masquerain|confusion
|move|p2a: Masquerain|U-turn|p1a: Pecharunt
|-resisted|p1a: Pecharunt
|-damage|p1a: Pecharunt|253/262 par
|
|t:|1772751449
|switch|p2a: Quagsire|Quagsire, L84, F|297/297|[from] U-turn
|move|p1a: Pecharunt|Recover|p1a: Pecharunt
|-heal|p1a: Pecharunt|262/262 par
|
|upkeep
|turn|5
|
|t:|1772751454
|move|p2a: Quagsire|Earthquake|p1a: Pecharunt
|-supereffective|p1a: Pecharunt
|-damage|p1a: Pecharunt|128/262 par
|move|p1a: Pecharunt|Parting Shot|p2a: Quagsire
|-unboost|p2a: Quagsire|atk|1
|-unboost|p2a: Quagsire|spa|1
|
|t:|1772751468
|switch|p1a: Ogerpon|Ogerpon, L80, F|259/259|[from] Parting Shot
|-activate|p1a: Ogerpon|move: Sticky Web
|-unboost|p1a: Ogerpon|spe|1
|-ability|p1a: Ogerpon|Defiant|boost
|-boost|p1a: Ogerpon|atk|2
|
|upkeep
|turn|6
|
|t:|1772751481
|-terastallize|p2a: Quagsire|Poison
|move|p1a: Ogerpon|Ivy Cudgel|p2a: Quagsire
|-resisted|p2a: Quagsire
|-crit|p2a: Quagsire
|-damage|p2a: Quagsire|190/297
|-damage|p1a: Ogerpon|234/259|[from] item: Life Orb
|move|p2a: Quagsire|Toxic|p1a: Ogerpon
|-status|p1a: Ogerpon|tox
|
|-heal|p2a: Quagsire|208/297|[from] item: Leftovers
|-damage|p1a: Ogerpon|218/259 tox|[from] psn
|upkeep
|turn|7
|
|t:|1772751488
|switch|p2a: Masquerain|Masquerain, L87, M|17/264 tox
|-ability|p2a: Masquerain|Intimidate|boost
|-unboost|p1a: Ogerpon|atk|1
|-ability|p1a: Ogerpon|Defiant|boost
|-boost|p1a: Ogerpon|atk|2
|move|p1a: Ogerpon|Knock Off|p2a: Masquerain
|-damage|p2a: Masquerain|0 fnt
|-enditem|p2a: Masquerain|Heavy-Duty Boots|[from] move: Knock Off|[of] p1a: Ogerpon
|faint|p2a: Masquerain
|-damage|p1a: Ogerpon|193/259 tox|[from] item: Life Orb
|
|-damage|p1a: Ogerpon|161/259 tox|[from] psn
|upkeep
|
|t:|1772751500
|switch|p2a: Quagsire|Quagsire, L84, F, tera:Poison|208/297
|turn|8
|
|t:|1772751508
|move|p1a: Ogerpon|Swords Dance|p1a: Ogerpon
|-boost|p1a: Ogerpon|atk|2
|move|p2a: Quagsire|Ice Beam|p1a: Ogerpon
|-supereffective|p1a: Ogerpon
|-damage|p1a: Ogerpon|63/259 tox
|
|-heal|p2a: Quagsire|226/297|[from] item: Leftovers
|-damage|p1a: Ogerpon|15/259 tox|[from] psn
|upkeep
|turn|9
|
|t:|1772751512
|move|p1a: Ogerpon|Knock Off|p2a: Quagsire
|-damage|p2a: Quagsire|125/297
|-enditem|p2a: Quagsire|Leftovers|[from] move: Knock Off|[of] p1a: Ogerpon
|-damage|p1a: Ogerpon|0 fnt|[from] item: Life Orb
|faint|p1a: Ogerpon
|move|p2a: Quagsire|Recover|p2a: Quagsire
|-heal|p2a: Quagsire|274/297
|
|upkeep
|
|t:|1772751528
|switch|p1a: Terrakion|Terrakion, L79|273/273
|-activate|p1a: Terrakion|move: Sticky Web
|-unboost|p1a: Terrakion|spe|1
|turn|10
|
|t:|1772751541
|move|p1a: Terrakion|Earthquake|p2a: Quagsire
|-supereffective|p2a: Quagsire
|-damage|p2a: Quagsire|22/297
|move|p2a: Quagsire|Earthquake|p1a: Terrakion
|-supereffective|p1a: Terrakion
|-damage|p1a: Terrakion|81/273
|
|upkeep
|turn|11
|
|t:|1772751548
|switch|p2a: Meganium|Meganium, L90, M|290/290
|move|p1a: Terrakion|Earthquake|p2a: Meganium
|-resisted|p2a: Meganium
|-damage|p2a: Meganium|238/290
|
|-heal|p2a: Meganium|256/290|[from] item: Leftovers
|upkeep
|turn|12
|
|t:|1772751556
|switch|p1a: Pecharunt|Pecharunt, L77|128/262 par
|-activate|p1a: Pecharunt|move: Sticky Web
|-unboost|p1a: Pecharunt|spe|1
|move|p2a: Meganium|Energy Ball|p1a: Pecharunt
|-resisted|p1a: Pecharunt
|-damage|p1a: Pecharunt|77/262 par
|
|-heal|p2a: Meganium|274/290|[from] item: Leftovers
|-heal|p1a: Pecharunt|93/262 par|[from] item: Leftovers
|upkeep
|turn|13
|
|t:|1772751561
|move|p2a: Meganium|Knock Off|p1a: Pecharunt
|-supereffective|p1a: Pecharunt
|-damage|p1a: Pecharunt|5/262 par
|-enditem|p1a: Pecharunt|Leftovers|[from] move: Knock Off|[of] p2a: Meganium
|move|p1a: Pecharunt|Recover|p1a: Pecharunt
|-heal|p1a: Pecharunt|136/262 par
|
|-heal|p2a: Meganium|290/290|[from] item: Leftovers
|upkeep
|turn|14
|
|t:|1772751569
|switch|p2a: Solgaleo|Solgaleo, L74|325/325
|cant|p1a: Pecharunt|par
|
|upkeep
|turn|15
|
|t:|1772751581
|switch|p2a: Tatsugiri|Tatsugiri, L87, M|260/260
|-terastallize|p1a: Pecharunt|Dark
|move|p1a: Pecharunt|Parting Shot|p2a: Tatsugiri
|-unboost|p2a: Tatsugiri|atk|1
|-unboost|p2a: Tatsugiri|spa|1
|
|t:|1772751588
|switch|p1a: Jirachi|Jirachi, L80|291/291|[from] Parting Shot
|-activate|p1a: Jirachi|move: Sticky Web
|-unboost|p1a: Jirachi|spe|1
|
|upkeep
|turn|16
|
|t:|1772751611
|switch|p2a: Quagsire|Quagsire, L84, F, tera:Poison|22/297
|move|p1a: Jirachi|Body Slam|p2a: Quagsire
|-damage|p2a: Quagsire|0 fnt
|faint|p2a: Quagsire
|
|upkeep
|
|t:|1772751614
|switch|p2a: Tatsugiri|Tatsugiri, L87, M|260/260
|turn|17
|
|t:|1772751621
|move|p2a: Tatsugiri|Nasty Plot|p2a: Tatsugiri
|-boost|p2a: Tatsugiri|spa|2
|move|p1a: Jirachi|Body Slam|p2a: Tatsugiri
|-damage|p2a: Tatsugiri|188/260
|-status|p2a: Tatsugiri|par
|
|upkeep
|turn|18
|
|t:|1772751633
|move|p1a: Jirachi|Iron Head|p2a: Tatsugiri
|-resisted|p2a: Tatsugiri
|-crit|p2a: Tatsugiri
|-damage|p2a: Tatsugiri|108/260 par
|move|p2a: Tatsugiri|Surf|p1a: Jirachi
|-damage|p1a: Jirachi|131/291
|
|upkeep
|turn|19
|
|t:|1772751640
|move|p1a: Jirachi|Iron Head|p2a: Tatsugiri
|-resisted|p2a: Tatsugiri
|-damage|p2a: Tatsugiri|56/260 par
|move|p2a: Tatsugiri|Surf|p1a: Jirachi
|-damage|p1a: Jirachi|0 fnt
|faint|p1a: Jirachi
|
|upkeep
|
|t:|1772751649
|switch|p1a: Terrakion|Terrakion, L79|81/273
|-activate|p1a: Terrakion|move: Sticky Web
|-unboost|p1a: Terrakion|spe|1
|turn|20
|
|t:|1772751656
|move|p1a: Terrakion|Quick Attack|p2a: Tatsugiri
|-damage|p2a: Tatsugiri|0 fnt
|faint|p2a: Tatsugiri
|
|upkeep
|
|t:|1772751659
|switch|p2a: Meganium|Meganium, L90, M|290/290
|turn|21
|
|t:|1772751663
|move|p1a: Terrakion|Quick Attack|p2a: Meganium
|-damage|p2a: Meganium|249/290
|move|p2a: Meganium|Energy Ball|p1a: Terrakion
|-supereffective|p1a: Terrakion
|-damage|p1a: Terrakion|0 fnt
|faint|p1a: Terrakion
|
|-heal|p2a: Meganium|267/290|[from] item: Leftovers
|upkeep
|
|t:|1772751666
|switch|p1a: Pecharunt|Pecharunt, L77, tera:Dark|136/262 par
|-activate|p1a: Pecharunt|move: Sticky Web
|-unboost|p1a: Pecharunt|spe|1
|turn|22
|
|t:|1772751671
|move|p2a: Meganium|Leech Seed|p1a: Pecharunt
|-start|p1a: Pecharunt|move: Leech Seed
|move|p1a: Pecharunt|Recover|p1a: Pecharunt
|-heal|p1a: Pecharunt|262/262 par
|
|-heal|p2a: Meganium|285/290|[from] item: Leftovers
|-damage|p1a: Pecharunt|230/262 par|[from] Leech Seed|[of] p2a: Meganium
|-heal|p2a: Meganium|290/290|[silent]
|upkeep
|turn|23
|
|t:|1772751676
|switch|p2a: Solgaleo|Solgaleo, L74|325/325
|cant|p1a: Pecharunt|par
|
|-damage|p1a: Pecharunt|198/262 par|[from] Leech Seed|[of] p2a: Solgaleo
|upkeep
|turn|24
|
|t:|1772751683
|move|p1a: Pecharunt|Parting Shot|p2a: Solgaleo
|-fail|p2a: Solgaleo|unboost|[from] ability: Full Metal Body|[of] p2a: Solgaleo
|move|p2a: Solgaleo|Teleport|p2a: Solgaleo
|
|t:|1772751690
|switch|p2a: Meganium|Meganium, L90, M|290/290|[from] Teleport
|
|-damage|p1a: Pecharunt|166/262 par|[from] Leech Seed|[of] p2a: Meganium
|upkeep
|turn|25
|
|t:|1772751696
|move|p2a: Meganium|Energy Ball|p1a: Pecharunt
|-damage|p1a: Pecharunt|49/262 par
|move|p1a: Pecharunt|Shadow Ball|p2a: Meganium
|-damage|p2a: Meganium|236/290
|
|-heal|p2a: Meganium|254/290|[from] item: Leftovers
|-damage|p1a: Pecharunt|17/262 par|[from] Leech Seed|[of] p2a: Meganium
|-heal|p2a: Meganium|286/290|[silent]
|upkeep
|turn|26
|
|t:|1772751703
|move|p2a: Meganium|Energy Ball|p1a: Pecharunt
|-damage|p1a: Pecharunt|0 fnt
|faint|p1a: Pecharunt
|
|-heal|p2a: Meganium|290/290|[from] item: Leftovers
|upkeep
|
|t:|1772751706
|switch|p1a: Urshifu|Urshifu, L74, F|270/270
|-activate|p1a: Urshifu|move: Sticky Web
|-unboost|p1a: Urshifu|spe|1
|turn|27
|
|t:|1772751714
|move|p2a: Meganium|Leech Seed|p1a: Urshifu
|-start|p1a: Urshifu|move: Leech Seed
|move|p1a: Urshifu|Poison Jab|p2a: Meganium
|-supereffective|p2a: Meganium
|-damage|p2a: Meganium|140/290
|
|-heal|p2a: Meganium|158/290|[from] item: Leftovers
|-damage|p1a: Urshifu|237/270|[from] Leech Seed|[of] p2a: Meganium
|-heal|p2a: Meganium|191/290|[silent]
|upkeep
|turn|28
|
|t:|1772751719
|switch|p1a: Baxcalibur|Baxcalibur, L75, M|295/295
|-activate|p1a: Baxcalibur|move: Sticky Web
|-unboost|p1a: Baxcalibur|spe|1
|move|p2a: Meganium|Energy Ball|p1a: Baxcalibur
|-resisted|p1a: Baxcalibur
|-damage|p1a: Baxcalibur|238/295
|
|-heal|p2a: Meganium|209/290|[from] item: Leftovers
|upkeep
|turn|29
|
|t:|1772751727
|move|p2a: Meganium|Knock Off|p1a: Baxcalibur
|-damage|p1a: Baxcalibur|157/295
|-enditem|p1a: Baxcalibur|Loaded Dice|[from] move: Knock Off|[of] p2a: Meganium
|move|p1a: Baxcalibur|Scale Shot|p2a: Meganium
|-damage|p2a: Meganium|184/290
|-damage|p2a: Meganium|159/290
|-damage|p2a: Meganium|132/290
|-hitcount|p2a: Meganium|3
|-unboost|p1a: Baxcalibur|def|1
|-boost|p1a: Baxcalibur|spe|1
|
|-heal|p2a: Meganium|150/290|[from] item: Leftovers
|upkeep
|turn|30
|
|t:|1772751732
|move|p2a: Meganium|Leech Seed|p1a: Baxcalibur
|-start|p1a: Baxcalibur|move: Leech Seed
|move|p1a: Baxcalibur|Scale Shot|p2a: Meganium
|-damage|p2a: Meganium|123/290
|-damage|p2a: Meganium|96/290
|-hitcount|p2a: Meganium|2
|-unboost|p1a: Baxcalibur|def|1
|-boost|p1a: Baxcalibur|spe|1
|
|-heal|p2a: Meganium|114/290|[from] item: Leftovers
|-damage|p1a: Baxcalibur|121/295|[from] Leech Seed|[of] p2a: Meganium
|-heal|p2a: Meganium|150/290|[silent]
|upkeep
|turn|31
|
|t:|1772751742
|move|p1a: Baxcalibur|Swords Dance|p1a: Baxcalibur
|-boost|p1a: Baxcalibur|atk|2
|move|p2a: Meganium|Synthesis|p2a: Meganium
|-heal|p2a: Meganium|290/290
|
|-damage|p1a: Baxcalibur|85/295|[from] Leech Seed|[of] p2a: Meganium
|upkeep
|turn|32
|
|t:|1772751749
|move|p1a: Baxcalibur|Icicle Spear|p2a: Meganium
|-supereffective|p2a: Meganium
|-damage|p2a: Meganium|194/290
|-supereffective|p2a: Meganium
|-damage|p2a: Meganium|92/290
|-hitcount|p2a: Meganium|2
|move|p2a: Meganium|Energy Ball|p1a: Baxcalibur
|-resisted|p1a: Baxcalibur
|-damage|p1a: Baxcalibur|4/295
|
|-heal|p2a: Meganium|110/290|[from] item: Leftovers
|-damage|p1a: Baxcalibur|0 fnt|[from] Leech Seed|[of] p2a: Meganium
|-heal|p2a: Meganium|114/290|[silent]
|faint|p1a: Baxcalibur
|upkeep
|
|t:|1772751754
|switch|p1a: Urshifu|Urshifu, L74, F|237/270
|-activate|p1a: Urshifu|move: Sticky Web
|-unboost|p1a: Urshifu|spe|1
|turn|33
|
|t:|1772751761
|move|p2a: Meganium|Synthesis|p2a: Meganium
|-heal|p2a: Meganium|259/290
|move|p1a: Urshifu|Wicked Blow|p2a: Meganium
|-crit|p2a: Meganium
|-damage|p2a: Meganium|120/290
|
|-heal|p2a: Meganium|138/290|[from] item: Leftovers
|upkeep
|turn|34
|
|t:|1772751763
|move|p2a: Meganium|Leech Seed|p1a: Urshifu|[miss]
|-miss|p2a: Meganium|p1a: Urshifu
|move|p1a: Urshifu|Wicked Blow|p2a: Meganium
|-crit|p2a: Meganium
|-damage|p2a: Meganium|0 fnt
|faint|p2a: Meganium
|
|upkeep
|
|t:|1772751768
|switch|p2a: Dachsbun|Dachsbun, L92, M|254/254
|turn|35
|
|t:|1772751772
|move|p2a: Dachsbun|Play Rough|p1a: Urshifu
|-supereffective|p1a: Urshifu
|-damage|p1a: Urshifu|0 fnt
|faint|p1a: Urshifu
|
|win|Poscidion
|raw|liljuicewrldvert's rating: 1407 &rarr; <strong>1389</strong><br />(-18 for losing)
|raw|Poscidion's rating: 1437 &rarr; <strong>1455</strong><br />(+18 for winning)
|l|☆liljuicewrldvert
|player|p1|
