|j|☆MadertKilo
|j|☆ish523
|t:|1772750213
|gametype|singles
|player|p1|MadertKilo|2|
|player|p2|ish523|170|
|gen|9
|tier|[Gen 9] Random Battle
|rule|Species Clause: Limit one of each Pokémon
|rule|HP Percentage Mod: HP is shown in percentages
|rule|Sleep Clause Mod: Limit one foe put to sleep
|rule|Illusion Level Mod: Illusion disguises the Pokémon's true level
|
|t:|1772750213
|teamsize|p1|6
|teamsize|p2|6
|start
|switch|p1a: Charizard|Charizard, L85, M|271/271
|switch|p2a: Wigglytuff|Wigglytuff, L96, M|424/424
|turn|1
|inactive|Battle timer is ON: inactive players will automatically lose when time's up. (requested by ish523)
|
|t:|1772750239
|move|p1a: Charizard|Swords Dance|p1a: Charizard
|-boost|p1a: Charizard|atk|2
|move|p2a: Wigglytuff|Thunder Wave|p1a: Charizard
|-status|p1a: Charizard|par
|
|upkeep
|turn|2
|c|☆ish523|!weak fire/flying
|c| ish523|/raw <div class="infobox">Fire/Flying:<br /><span class="message-effect-weak">Weaknesses</span>: Electric, <b>Rock</b>, Water<br /><span class="message-effect-resist">Resistances</span>: <b>Bug</b>, Fairy, Fighting, Fire, <b>Grass</b>, Steel<br /><span class="message-effect-immune">Immunities</span>: Ground, Burn</div>
|
|t:|1772750260
|switch|p2a: Cramorant|Cramorant, L86, F|261/261
|move|p1a: Charizard|Earthquake|p2a: Cramorant
|-immune|p2a: Cramorant
|
|upkeep
|turn|3
|
|t:|1772750288
|-terastallize|p1a: Charizard|Dragon
|move|p2a: Cramorant|Surf|p1a: Charizard
|-formechange|p2a: Cramorant|Cramorant-Gulping|
|-resisted|p1a: Charizard
|-damage|p1a: Charizard|225/271 par
|cant|p1a: Charizard|par
|
|upkeep
|turn|4
|
|t:|1772750299
|move|p2a: Cramorant|Brave Bird|p1a: Charizard
|-damage|p1a: Charizard|84/271 par
|-damage|p2a: Cramorant|214/261|[from] Recoil
|cant|p1a: Charizard|par
|
|upkeep
|turn|5
|
|t:|1772750307
|move|p2a: Cramorant|Brave Bird|p1a: Charizard
|-damage|p1a: Charizard|0 fnt
|faint|p1a: Charizard
|-damage|p2a: Cramorant|186/261|[from] Recoil
|
|upkeep
|
|t:|1772750318
|switch|p1a: Politoed|Politoed, L88, M|302/302
|-weather|RainDance|[from] ability: Drizzle|[of] p1a: Politoed
|turn|6
|
|t:|1772750325
|move|p2a: Cramorant|Brave Bird|p1a: Politoed
|-damage|p1a: Politoed|178/302
|-damage|p2a: Cramorant|145/261|[from] Recoil
|move|p1a: Politoed|Hypnosis|p2a: Cramorant
|-status|p2a: Cramorant|slp|[from] move: Hypnosis
|
|-weather|RainDance|[upkeep]
|upkeep
|turn|7
|
|t:|1772750341
|cant|p2a: Cramorant|slp
|move|p1a: Politoed|Ice Beam|p2a: Cramorant
|-damage|p2a: Cramorant|89/261 slp
|-damage|p1a: Politoed|103/302|[from] ability: Gulp Missile|[of] p2a: Cramorant
|-unboost|p1a: Politoed|def|1
|-formechange|p2a: Cramorant|Cramorant|
|
|-weather|RainDance|[upkeep]
|upkeep
|turn|8
|
|t:|1772750345
|cant|p2a: Cramorant|slp
|move|p1a: Politoed|Surf|p2a: Cramorant
|-resisted|p2a: Cramorant
|-damage|p2a: Cramorant|20/261 slp
|
|-weather|RainDance|[upkeep]
|upkeep
|turn|9
|
|t:|1772750351
|cant|p2a: Cramorant|slp
|move|p1a: Politoed|Rest|p1a: Politoed
|-status|p1a: Politoed|slp|[from] move: Rest
|-heal|p1a: Politoed|302/302 slp|[silent]
|-enditem|p1a: Politoed|Chesto Berry|[eat]
|-curestatus|p1a: Politoed|slp|[msg]
|
|-weather|RainDance|[upkeep]
|upkeep
|turn|10
|
|t:|1772750356
|-curestatus|p2a: Cramorant|slp|[msg]
|move|p2a: Cramorant|Roost|p2a: Cramorant
|-heal|p2a: Cramorant|151/261
|-singleturn|p2a: Cramorant|move: Roost
|move|p1a: Politoed|Surf|p2a: Cramorant
|-resisted|p2a: Cramorant
|-damage|p2a: Cramorant|87/261
|
|-weather|none
|upkeep
|turn|11
|
|t:|1772750366
|move|p2a: Cramorant|Roost|p2a: Cramorant
|-heal|p2a: Cramorant|218/261
|-singleturn|p2a: Cramorant|move: Roost
|move|p1a: Politoed|Surf|p2a: Cramorant
|-resisted|p2a: Cramorant
|-damage|p2a: Cramorant|173/261
|
|upkeep
|turn|12
|
|t:|1772750372
|move|p2a: Cramorant|Brave Bird|p1a: Politoed
|-damage|p1a: Politoed|124/302
|-damage|p2a: Cramorant|114/261|[from] Recoil
|move|p1a: Politoed|Ice Beam|p2a: Cramorant
|-damage|p2a: Cramorant|50/261
|
|upkeep
|turn|13
|
|t:|1772750379
|move|p2a: Cramorant|Brave Bird|p1a: Politoed
|-damage|p1a: Politoed|0 fnt
|faint|p1a: Politoed
|-damage|p2a: Cramorant|9/261|[from] Recoil
|
|upkeep
|
|t:|1772750387
|switch|p1a: Oinkologne|Oinkologne, L92, M|352/352
|turn|14
|
|t:|1772750394
|move|p2a: Cramorant|Roost|p2a: Cramorant
|-heal|p2a: Cramorant|140/261
|-singleturn|p2a: Cramorant|move: Roost
|move|p1a: Oinkologne|Curse|p1a: Oinkologne
|-unboost|p1a: Oinkologne|spe|1
|-boost|p1a: Oinkologne|atk|1
|-boost|p1a: Oinkologne|def|1
|
|upkeep
|turn|15
|
|t:|1772750400
|move|p2a: Cramorant|Surf|p1a: Oinkologne
|-formechange|p2a: Cramorant|Cramorant-Gulping|
|-damage|p1a: Oinkologne|270/352
|move|p1a: Oinkologne|Double-Edge|p2a: Cramorant
|-damage|p2a: Cramorant|0 fnt
|-damage|p1a: Oinkologne|182/352|[from] ability: Gulp Missile|[of] p2a: Cramorant
|-unboost|p1a: Oinkologne|def|1
|-formechange|p2a: Cramorant|Cramorant|
|faint|p2a: Cramorant
|-damage|p1a: Oinkologne|136/352|[from] Recoil
|
|-heal|p1a: Oinkologne|158/352|[from] item: Leftovers
|upkeep
|
|t:|1772750423
|switch|p2a: Wigglytuff|Wigglytuff, L96, M|424/424
|turn|16
|
|t:|1772750427
|move|p2a: Wigglytuff|Thunder Wave|p1a: Oinkologne
|-status|p1a: Oinkologne|par
|move|p1a: Oinkologne|Double-Edge|p2a: Wigglytuff
|-damage|p2a: Wigglytuff|132/424
|-damage|p1a: Oinkologne|62/352 par|[from] Recoil
|
|-heal|p2a: Wigglytuff|158/424|[from] item: Leftovers
|-heal|p1a: Oinkologne|84/352 par|[from] item: Leftovers
|upkeep
|turn|17
|
|t:|1772750435
|move|p2a: Wigglytuff|Dazzling Gleam|p1a: Oinkologne
|-damage|p1a: Oinkologne|0 fnt
|faint|p1a: Oinkologne
|
|-heal|p2a: Wigglytuff|184/424|[from] item: Leftovers
|upkeep
|
|t:|1772750440
|switch|p1a: Dugtrio|Dugtrio, L84, F|196/196
|turn|18
|
|t:|1772750444
|move|p1a: Dugtrio|Swords Dance|p1a: Dugtrio
|-boost|p1a: Dugtrio|atk|2
|move|p2a: Wigglytuff|Wish|p2a: Wigglytuff
|
|-heal|p2a: Wigglytuff|210/424|[from] item: Leftovers
|upkeep
|turn|19
|
|t:|1772750448
|move|p2a: Wigglytuff|Protect|p2a: Wigglytuff
|-singleturn|p2a: Wigglytuff|Protect
|move|p1a: Dugtrio|Earthquake|p2a: Wigglytuff
|-activate|p2a: Wigglytuff|move: Protect
|
|-heal|p2a: Wigglytuff|422/424|[from] move: Wish|[wisher] Wigglytuff
|-heal|p2a: Wigglytuff|424/424|[from] item: Leftovers
|upkeep
|turn|20
|
|t:|1772750454
|move|p1a: Dugtrio|Earthquake|p2a: Wigglytuff
|-damage|p2a: Wigglytuff|13/424
|-damage|p1a: Dugtrio|177/196|[from] item: Life Orb
|move|p2a: Wigglytuff|Dazzling Gleam|p1a: Dugtrio
|-damage|p1a: Dugtrio|57/196
|
|-heal|p2a: Wigglytuff|39/424|[from] item: Leftovers
|upkeep
|turn|21
|
|t:|1772750461
|move|p2a: Wigglytuff|Protect|p2a: Wigglytuff
|-singleturn|p2a: Wigglytuff|Protect
|move|p1a: Dugtrio|Earthquake|p2a: Wigglytuff
|-activate|p2a: Wigglytuff|move: Protect
|
|-heal|p2a: Wigglytuff|65/424|[from] item: Leftovers
|upkeep
|turn|22
|
|t:|1772750465
|move|p1a: Dugtrio|Earthquake|p2a: Wigglytuff
|-damage|p2a: Wigglytuff|0 fnt
|faint|p2a: Wigglytuff
|-damage|p1a: Dugtrio|38/196|[from] item: Life Orb
|
|upkeep
|
|t:|1772750469
|switch|p2a: Flapple|Flapple, L88, M|266/266
|turn|23
|
|t:|1772750474
|move|p1a: Dugtrio|Sucker Punch||[still]
|-fail|p1a: Dugtrio
|move|p2a: Flapple|Dragon Dance|p2a: Flapple
|-boost|p2a: Flapple|atk|1
|-boost|p2a: Flapple|spe|1
|
|upkeep
|turn|24
|
|t:|1772750484
|move|p2a: Flapple|Grav Apple|p1a: Dugtrio
|-supereffective|p1a: Dugtrio
|-damage|p1a: Dugtrio|0 fnt
|faint|p1a: Dugtrio
|
|upkeep
|
|t:|1772750487
|switch|p1a: Regigigas|Regigigas, L84|322/322
|-start|p1a: Regigigas|ability: Slow Start
|turn|25
|
|t:|1772750494
|-terastallize|p2a: Flapple|Dragon
|move|p2a: Flapple|Dragon Dance|p2a: Flapple
|-boost|p2a: Flapple|atk|1
|-boost|p2a: Flapple|spe|1
|move|p1a: Regigigas|Knock Off|p2a: Flapple
|-damage|p2a: Flapple|213/266
|-enditem|p2a: Flapple|Lum Berry|[from] move: Knock Off|[of] p1a: Regigigas
|
|upkeep
|turn|26
|
|t:|1772750504
|move|p2a: Flapple|Outrage|p1a: Regigigas
|-damage|p1a: Regigigas|0 fnt
|faint|p1a: Regigigas
|-end|p1a: Regigigas|Slow Start|[silent]
|
|upkeep
|
|t:|1772750506
|switch|p1a: Stonjourner|Stonjourner, L91, M|330/330
|turn|27
|
|t:|1772750514
|move|p2a: Flapple|Outrage|p1a: Stonjourner|[from] lockedmove|[miss]
|-miss|p2a: Flapple|p1a: Stonjourner
|move|p1a: Stonjourner|Earthquake|p2a: Flapple
|-damage|p2a: Flapple|73/266
|-damage|p1a: Stonjourner|297/330|[from] item: Life Orb
|
|upkeep
|turn|28
|
|t:|1772750531
|move|p2a: Flapple|Grav Apple|p1a: Stonjourner
|-supereffective|p1a: Stonjourner
|-damage|p1a: Stonjourner|0 fnt
|faint|p1a: Stonjourner
|
|win|ish523
|l|☆ish523
|player|p2|
|l|☆MadertKilo
|player|p1|
|j|☆ish523
|player|p2|ish523|170|
