|j|☆Salad04
|j|☆Twinkle Tackle Box
|t:|1772749367
|gametype|singles
|player|p1|Salad04|170|1434
|player|p2|Twinkle Tackle Box|170|1460
|gen|9
|tier|[Gen 9] Random Battle
|rated|
|rule|Species Clause: Limit one of each Pokémon
|rule|HP Percentage Mod: HP is shown in percentages
|rule|Sleep Clause Mod: Limit one foe put to sleep
|rule|Illusion Level Mod: Illusion disguises the Pokémon's true level
|
|t:|1772749367
|teamsize|p1|6
|teamsize|p2|6
|start
|switch|p1a: Duraludon|Duraludon, L82, F|249/249
|switch|p2a: Vivillon|Vivillon-Archipelago, L83, F|268/268
|turn|1
|
|t:|1772749392
|move|p2a: Vivillon|Hurricane|p1a: Duraludon
|-resisted|p1a: Duraludon
|-damage|p1a: Duraludon|198/249
|move|p1a: Duraludon|Stealth Rock|p2a: Vivillon
|-sidestart|p2: Twinkle Tackle Box|move: Stealth Rock
|
|upkeep
|turn|2
|
|t:|1772749411
|move|p2a: Vivillon|Sleep Powder|p1a: Duraludon
|-status|p1a: Duraludon|slp|[from] move: Sleep Powder
|cant|p1a: Duraludon|slp
|
|upkeep
|turn|3
|
|t:|1772749455
|switch|p1a: Empoleon|Empoleon, L84, M|278/278
|move|p2a: Vivillon|Quiver Dance|p2a: Vivillon
|-boost|p2a: Vivillon|spa|1
|-boost|p2a: Vivillon|spd|1
|-boost|p2a: Vivillon|spe|1
|
|upkeep
|turn|4
|
|t:|1772749483
|switch|p2a: Dusknoir|Dusknoir, L89, M|225/225
|-damage|p2a: Dusknoir|197/225|[from] Stealth Rock
|-item|p1a: Empoleon|Leftovers|[from] ability: Frisk|[of] p2a: Dusknoir
|move|p1a: Empoleon|Yawn|p2a: Dusknoir
|-start|p2a: Dusknoir|move: Yawn|[of] p1a: Empoleon
|
|-heal|p2a: Dusknoir|211/225|[from] item: Leftovers
|upkeep
|turn|5
|
|t:|1772749497
|move|p1a: Empoleon|Knock Off|p2a: Dusknoir
|-supereffective|p2a: Dusknoir
|-damage|p2a: Dusknoir|129/225
|-enditem|p2a: Dusknoir|Leftovers|[from] move: Knock Off|[of] p1a: Empoleon
|move|p2a: Dusknoir|Poltergeist|p1a: Empoleon
|-activate|p1a: Empoleon|move: Poltergeist|Leftovers
|-damage|p1a: Empoleon|146/278
|
|-heal|p1a: Empoleon|163/278|[from] item: Leftovers
|-end|p2a: Dusknoir|move: Yawn|[silent]
|-status|p2a: Dusknoir|slp
|upkeep
|turn|6
|
|t:|1772749509
|move|p1a: Empoleon|Roost|p1a: Empoleon
|-heal|p1a: Empoleon|278/278
|-singleturn|p1a: Empoleon|move: Roost
|cant|p2a: Dusknoir|slp
|
|upkeep
|turn|7
|
|t:|1772749519
|move|p1a: Empoleon|Surf|p2a: Dusknoir
|-damage|p2a: Dusknoir|57/225 slp
|-curestatus|p2a: Dusknoir|slp|[msg]
|move|p2a: Dusknoir|Pain Split|p1a: Empoleon
|-sethp|p1a: Empoleon|167/278|[from] move: Pain Split|[silent]
|-sethp|p2a: Dusknoir|167/225|[from] move: Pain Split
|
|-heal|p1a: Empoleon|184/278|[from] item: Leftovers
|upkeep
|turn|8
|
|t:|1772749530
|-singleturn|p2a: Dusknoir|move: Focus Punch
|move|p1a: Empoleon|Yawn|p2a: Dusknoir
|-start|p2a: Dusknoir|move: Yawn|[of] p1a: Empoleon
|move|p2a: Dusknoir|Focus Punch|p1a: Empoleon
|-supereffective|p1a: Empoleon
|-damage|p1a: Empoleon|0 fnt
|faint|p1a: Empoleon
|
|upkeep
|
|t:|1772749562
|switch|p1a: Torterra|Torterra, L78, F|276/276
|turn|9
|
|t:|1772749572
|move|p1a: Torterra|Shell Smash|p1a: Torterra
|-unboost|p1a: Torterra|def|1
|-unboost|p1a: Torterra|spd|1
|-boost|p1a: Torterra|atk|2
|-boost|p1a: Torterra|spa|2
|-boost|p1a: Torterra|spe|2
|move|p2a: Dusknoir|Substitute|p2a: Dusknoir
|-start|p2a: Dusknoir|Substitute
|-damage|p2a: Dusknoir|111/225
|
|-end|p2a: Dusknoir|move: Yawn|[silent]
|-status|p2a: Dusknoir|slp
|upkeep
|turn|10
|
|t:|1772749584
|move|p1a: Torterra|Bullet Seed|p2a: Dusknoir
|-activate|p2a: Dusknoir|move: Substitute|[damage]
|-end|p2a: Dusknoir|Substitute
|-damage|p2a: Dusknoir|74/225 slp
|-damage|p2a: Dusknoir|35/225 slp
|-hitcount|p2a: Dusknoir|4
|cant|p2a: Dusknoir|slp
|
|upkeep
|turn|11
|
|t:|1772749593
|move|p1a: Torterra|Bullet Seed|p2a: Dusknoir
|-damage|p2a: Dusknoir|2/225 slp
|-damage|p2a: Dusknoir|0 fnt
|faint|p2a: Dusknoir
|-hitcount|p2: Dusknoir|2
|
|upkeep
|
|t:|1772749604
|switch|p2a: Skuntank|Skuntank, L84, F|310/310
|-damage|p2a: Skuntank|272/310|[from] Stealth Rock
|turn|12
|
|t:|1772749613
|move|p1a: Torterra|Headlong Rush|p2a: Skuntank
|-supereffective|p2a: Skuntank
|-damage|p2a: Skuntank|0 fnt
|-unboost|p1a: Torterra|def|1
|-unboost|p1a: Torterra|spd|1
|-damage|p1a: Torterra|207/276|[from] ability: Aftermath|[of] p2a: Skuntank
|faint|p2a: Skuntank
|
|upkeep
|
|t:|1772749634
|switch|p2a: Salazzle|Salazzle, L83, F|249/249
|-damage|p2a: Salazzle|187/249|[from] Stealth Rock
|turn|13
|
|t:|1772749639
|-terastallize|p2a: Salazzle|Flying
|move|p1a: Torterra|Headlong Rush|p2a: Salazzle
|-immune|p2a: Salazzle
|move|p2a: Salazzle|Flamethrower|p1a: Torterra
|-supereffective|p1a: Torterra
|-damage|p1a: Torterra|0 fnt
|faint|p1a: Torterra
|
|-heal|p2a: Salazzle|202/249|[from] item: Leftovers
|upkeep
|
|t:|1772749657
|switch|p1a: Mewtwo|Mewtwo, L72|272/272
|-ability|p1a: Mewtwo|Unnerve
|turn|14
|
|t:|1772749667
|move|p2a: Salazzle|Substitute|p2a: Salazzle
|-start|p2a: Salazzle|Substitute
|-damage|p2a: Salazzle|140/249
|move|p1a: Mewtwo|Psystrike|p2a: Salazzle
|-end|p2a: Salazzle|Substitute
|-damage|p1a: Mewtwo|245/272|[from] item: Life Orb
|
|-heal|p2a: Salazzle|155/249|[from] item: Leftovers
|upkeep
|turn|15
|
|t:|1772749693
|switch|p2a: Iron Boulder|Iron Boulder, L77|265/265
|-damage|p2a: Iron Boulder|232/265|[from] Stealth Rock
|-enditem|p2a: Iron Boulder|Booster Energy
|-activate|p2a: Iron Boulder|ability: Quark Drive|[fromitem]
|-start|p2a: Iron Boulder|quarkdrivespe
|move|p1a: Mewtwo|Psystrike|p2a: Iron Boulder
|-resisted|p2a: Iron Boulder
|-damage|p2a: Iron Boulder|150/265
|-damage|p1a: Mewtwo|218/272|[from] item: Life Orb
|
|upkeep
|turn|16
|
|t:|1772749716
|move|p2a: Iron Boulder|Mighty Cleave|p1a: Mewtwo
|-damage|p1a: Mewtwo|113/272
|move|p1a: Mewtwo|Aura Sphere|p2a: Iron Boulder
|-damage|p2a: Iron Boulder|76/265
|-damage|p1a: Mewtwo|86/272|[from] item: Life Orb
|
|upkeep
|turn|17
|
|t:|1772749734
|switch|p1a: Arboliva|Arboliva, L91, F|288/288
|move|p2a: Iron Boulder|Mighty Cleave|p1a: Arboliva
|-damage|p1a: Arboliva|198/288
|
|upkeep
|turn|18
|
|t:|1772749743
|move|p2a: Iron Boulder|Close Combat|p1a: Arboliva
|-supereffective|p1a: Arboliva
|-damage|p1a: Arboliva|58/288
|-unboost|p2a: Iron Boulder|def|1
|-unboost|p2a: Iron Boulder|spd|1
|-enditem|p1a: Arboliva|Sitrus Berry|[eat]
|-heal|p1a: Arboliva|130/288|[from] item: Sitrus Berry
|move|p1a: Arboliva|Leech Seed|p2a: Iron Boulder
|-start|p2a: Iron Boulder|move: Leech Seed
|
|-damage|p2a: Iron Boulder|43/265|[from] Leech Seed|[of] p1a: Arboliva
|-heal|p1a: Arboliva|163/288|[silent]
|upkeep
|turn|19
|
|t:|1772749756
|move|p2a: Iron Boulder|Close Combat|p1a: Arboliva
|-supereffective|p1a: Arboliva
|-damage|p1a: Arboliva|19/288
|-unboost|p2a: Iron Boulder|def|1
|-unboost|p2a: Iron Boulder|spd|1
|move|p1a: Arboliva|Substitute|p1a: Arboliva
|-fail|p1a: Arboliva|move: Substitute|[weak]
|
|-damage|p2a: Iron Boulder|10/265|[from] Leech Seed|[of] p1a: Arboliva
|-heal|p1a: Arboliva|52/288|[silent]
|-item|p1a: Arboliva|Sitrus Berry|[from] ability: Harvest
|upkeep
|-enditem|p1a: Arboliva|Sitrus Berry|[eat]
|-heal|p1a: Arboliva|124/288|[from] item: Sitrus Berry
|turn|20
|
|t:|1772749769
|move|p1a: Arboliva|Protect|p1a: Arboliva
|-singleturn|p1a: Arboliva|Protect
|move|p2a: Iron Boulder|Close Combat|p1a: Arboliva
|-activate|p1a: Arboliva|move: Protect
|
|-damage|p2a: Iron Boulder|0 fnt|[from] Leech Seed|[of] p1a: Arboliva
|-heal|p1a: Arboliva|134/288|[silent]
|faint|p2a: Iron Boulder
|-end|p2a: Iron Boulder|Quark Drive|[silent]
|upkeep
|
|t:|1772749776
|switch|p2a: Salazzle|Salazzle, L83, F, tera:Flying|155/249
|-damage|p2a: Salazzle|93/249|[from] Stealth Rock
|turn|21
|
|t:|1772749783
|move|p2a: Salazzle|Flamethrower|p1a: Arboliva
|-supereffective|p1a: Arboliva
|-damage|p1a: Arboliva|0 fnt
|faint|p1a: Arboliva
|
|-heal|p2a: Salazzle|108/249|[from] item: Leftovers
|upkeep
|
|t:|1772749791
|switch|p1a: Mewtwo|Mewtwo, L72|86/272
|-ability|p1a: Mewtwo|Unnerve
|turn|22
|
|t:|1772749797
|move|p2a: Salazzle|Flamethrower|p1a: Mewtwo
|-damage|p1a: Mewtwo|0 fnt
|faint|p1a: Mewtwo
|
|-heal|p2a: Salazzle|123/249|[from] item: Leftovers
|upkeep
|
|t:|1772749803
|switch|p1a: Ribombee|Ribombee, L83, M|235/235
|turn|23
|
|t:|1772749811
|-terastallize|p1a: Ribombee|Ground
|move|p1a: Ribombee|Quiver Dance|p1a: Ribombee
|-boost|p1a: Ribombee|spa|1
|-boost|p1a: Ribombee|spd|1
|-boost|p1a: Ribombee|spe|1
|move|p2a: Salazzle|Substitute|p2a: Salazzle
|-start|p2a: Salazzle|Substitute
|-damage|p2a: Salazzle|61/249
|
|-heal|p2a: Salazzle|76/249|[from] item: Leftovers
|upkeep
|turn|24
|
|t:|1772749825
|move|p1a: Ribombee|Quiver Dance|p1a: Ribombee
|-boost|p1a: Ribombee|spa|1
|-boost|p1a: Ribombee|spd|1
|-boost|p1a: Ribombee|spe|1
|move|p2a: Salazzle|Toxic|p1a: Ribombee
|-status|p1a: Ribombee|tox
|
|-heal|p2a: Salazzle|91/249|[from] item: Leftovers
|-damage|p1a: Ribombee|221/235 tox|[from] psn
|upkeep
|turn|25
|
|t:|1772749839
|move|p2a: Salazzle|Protect|p2a: Salazzle
|-singleturn|p2a: Salazzle|Protect
|move|p1a: Ribombee|Bug Buzz|p2a: Salazzle
|-activate|p2a: Salazzle|move: Protect
|
|-heal|p2a: Salazzle|106/249|[from] item: Leftovers
|-damage|p1a: Ribombee|193/235 tox|[from] psn
|upkeep
|turn|26
|
|t:|1772749849
|move|p1a: Ribombee|Bug Buzz|p2a: Salazzle
|-resisted|p2a: Salazzle
|-damage|p2a: Salazzle|0 fnt
|faint|p2a: Salazzle
|
|-damage|p1a: Ribombee|151/235 tox|[from] psn
|upkeep
|
|t:|1772749869
|switch|p2a: Arceus|Arceus-Ice, L73|295/295
|-damage|p2a: Arceus|222/295|[from] Stealth Rock
|turn|27
|
|t:|1772749877
|move|p1a: Ribombee|Tera Blast|p2a: Arceus|[anim] Tera Blast Ground
|-damage|p2a: Arceus|87/295
|move|p2a: Arceus|Judgment|p1a: Ribombee
|-supereffective|p1a: Ribombee
|-damage|p1a: Ribombee|7/235 tox
|
|-damage|p1a: Ribombee|0 fnt|[from] psn
|faint|p1a: Ribombee
|upkeep
|
|t:|1772749885
|switch|p1a: Duraludon|Duraludon, L82, F|198/249 slp
|turn|28
|
|t:|1772749893
|move|p2a: Arceus|Judgment|p1a: Duraludon
|-damage|p1a: Duraludon|89/249 slp
|cant|p1a: Duraludon|slp
|
|upkeep
|turn|29
|-message|Salad04 forfeited.
|
|win|Twinkle Tackle Box
|raw|Salad04's rating: 1434 &rarr; <strong>1415</strong><br />(-19 for losing)
|raw|Twinkle Tackle Box's rating: 1460 &rarr; <strong>1479</strong><br />(+19 for winning)
|l|☆Salad04
|player|p1|
