|j|☆tadla
|j|☆Alvarito__89
|t:|1776970285
|gametype|singles
|player|p1|tadla|2|1480
|player|p2|Alvarito__89|clown|1474
|gen|9
|tier|[Gen 9] Random Battle
|rated|
|rule|Species Clause: Limit one of each Pokémon
|rule|HP Percentage Mod: HP is shown in percentages
|rule|Sleep Clause Mod: Limit one foe put to sleep
|rule|Illusion Level Mod: Illusion disguises the Pokémon's true level
|
|t:|1776970285
|teamsize|p1|6
|teamsize|p2|6
|start
|switch|p1a: Talonflame|Talonflame, L83, F|265/265
|switch|p2a: Ambipom|Ambipom, L84, M|263/263
|turn|1
|inactive|Battle timer is ON: inactive players will automatically lose when time's up. (requested by tadla)
|
|t:|1776970303
|switch|p1a: Coalossal|Coalossal, L89, F|341/341
|move|p2a: Ambipom|Knock Off|p1a: Coalossal
|-damage|p1a: Coalossal|262/341
|-enditem|p1a: Coalossal|Heavy-Duty Boots|[from] move: Knock Off|[of] p2a: Ambipom
|
|upkeep
|turn|2
|
|t:|1776970315
|switch|p2a: Donphan|Donphan, L84, M|288/288
|move|p1a: Coalossal|Stealth Rock|p2a: Donphan
|-sidestart|p2: Alvarito__89|move: Stealth Rock
|
|upkeep
|turn|3
|
|t:|1776970322
|switch|p1a: Rabsca|Rabsca, L91, F|284/284
|move|p2a: Donphan|Rapid Spin|p1a: Rabsca
|-damage|p1a: Rabsca|240/284
|-boost|p2a: Donphan|spe|1
|-sideend|p2: Alvarito__89|Stealth Rock|[from] move: Rapid Spin|[of] p2a: Donphan
|
|upkeep
|turn|4
|
|t:|1776970342
|switch|p2a: Illumise|Illumise, L91, F|266/266
|move|p1a: Rabsca|Psychic|p2a: Illumise
|-damage|p2a: Illumise|139/266
|
|upkeep
|turn|5
|
|t:|1776970358
|switch|p1a: Grimmsnarl|Grimmsnarl, L83, M|293/293
|move|p2a: Illumise|Thunder Wave|p1a: Grimmsnarl
|-hint|Since gen 7, Dark is immune to Prankster moves.
|-immune|p1a: Grimmsnarl
|
|upkeep
|turn|6
|
|t:|1776970368
|move|p2a: Illumise|Roost|p2a: Illumise
|-heal|p2a: Illumise|266/266
|-singleturn|p2a: Illumise|move: Roost
|move|p1a: Grimmsnarl|Spirit Break|p2a: Illumise
|-damage|p2a: Illumise|163/266
|-unboost|p2a: Illumise|spa|1
|
|upkeep
|turn|7
|
|t:|1776970378
|switch|p2a: Donphan|Donphan, L84, M|288/288
|move|p1a: Grimmsnarl|Thunder Wave|p2a: Donphan
|-immune|p2a: Donphan
|
|upkeep
|turn|8
|
|t:|1776970389
|switch|p1a: Rabsca|Rabsca, L91, F|240/284
|move|p2a: Donphan|Ice Spinner|p1a: Rabsca
|-damage|p1a: Rabsca|180/284
|
|upkeep
|turn|9
|
|t:|1776970396
|switch|p2a: Illumise|Illumise, L91, F|163/266
|move|p1a: Rabsca|Psychic|p2a: Illumise
|-damage|p2a: Illumise|31/266
|
|upkeep
|turn|10
|
|t:|1776970422
|move|p2a: Illumise|Roost|p2a: Illumise
|-heal|p2a: Illumise|164/266
|-singleturn|p2a: Illumise|move: Roost
|move|p1a: Rabsca|Psychic|p2a: Illumise
|-damage|p2a: Illumise|34/266
|
|upkeep
|turn|11
|
|t:|1776970430
|switch|p1a: Grimmsnarl|Grimmsnarl, L83, M|293/293
|move|p2a: Illumise|Roost|p2a: Illumise
|-heal|p2a: Illumise|167/266
|-singleturn|p2a: Illumise|move: Roost
|
|upkeep
|turn|12
|
|t:|1776970441
|move|p2a: Illumise|Bug Buzz|p1a: Grimmsnarl
|-damage|p1a: Grimmsnarl|193/293
|move|p1a: Grimmsnarl|Spirit Break|p2a: Illumise
|-damage|p2a: Illumise|77/266
|-unboost|p2a: Illumise|spa|1
|
|-heal|p1a: Grimmsnarl|211/293|[from] item: Leftovers
|upkeep
|turn|13
|
|t:|1776970447
|move|p2a: Illumise|Roost|p2a: Illumise
|-heal|p2a: Illumise|210/266
|-singleturn|p2a: Illumise|move: Roost
|move|p1a: Grimmsnarl|Spirit Break|p2a: Illumise
|-damage|p2a: Illumise|119/266
|-unboost|p2a: Illumise|spa|1
|
|-heal|p1a: Grimmsnarl|229/293|[from] item: Leftovers
|upkeep
|turn|14
|
|t:|1776970452
|move|p2a: Illumise|Roost|p2a: Illumise
|-heal|p2a: Illumise|252/266
|-singleturn|p2a: Illumise|move: Roost
|move|p1a: Grimmsnarl|Taunt|p2a: Illumise
|-start|p2a: Illumise|move: Taunt
|
|-heal|p1a: Grimmsnarl|247/293|[from] item: Leftovers
|upkeep
|turn|15
|
|t:|1776970461
|switch|p2a: Donphan|Donphan, L84, M|288/288
|move|p1a: Grimmsnarl|Spirit Break|p2a: Donphan
|-damage|p2a: Donphan|210/288
|-unboost|p2a: Donphan|spa|1
|
|-heal|p1a: Grimmsnarl|265/293|[from] item: Leftovers
|upkeep
|turn|16
|
|t:|1776970468
|switch|p1a: Flamigo|Flamigo, L82, F|269/269
|move|p2a: Donphan|Earthquake|p1a: Flamigo
|-immune|p1a: Flamigo
|
|upkeep
|turn|17
|
|t:|1776970472
|move|p1a: Flamigo|Brave Bird|p2a: Donphan
|-damage|p2a: Donphan|54/288
|-damage|p1a: Flamigo|218/269|[from] Recoil
|move|p2a: Donphan|Ice Spinner|p1a: Flamigo
|-supereffective|p1a: Flamigo
|-damage|p1a: Flamigo|66/269
|
|upkeep
|turn|18
|
|t:|1776970480
|move|p2a: Donphan|Ice Shard|p1a: Flamigo
|-supereffective|p1a: Flamigo
|-damage|p1a: Flamigo|0 fnt
|faint|p1a: Flamigo
|
|upkeep
|
|t:|1776970485
|switch|p1a: Talonflame|Talonflame, L83, F|265/265
|turn|19
|
|t:|1776970495
|move|p2a: Donphan|Ice Shard|p1a: Talonflame
|-damage|p1a: Talonflame|224/265
|move|p1a: Talonflame|Swords Dance|p1a: Talonflame
|-boost|p1a: Talonflame|atk|2
|
|upkeep
|turn|20
|
|t:|1776970500
|move|p1a: Talonflame|Brave Bird|p2a: Donphan
|-damage|p2a: Donphan|0 fnt
|faint|p2a: Donphan
|-damage|p1a: Talonflame|206/265|[from] Recoil
|
|upkeep
|
|t:|1776970505
|switch|p2a: Illumise|Illumise, L91, F|252/266
|turn|21
|
|t:|1776970510
|-terastallize|p1a: Talonflame|Ground
|move|p2a: Illumise|Thunder Wave|p1a: Talonflame
|-immune|p1a: Talonflame
|move|p1a: Talonflame|Brave Bird|p2a: Illumise
|-supereffective|p2a: Illumise
|-damage|p2a: Illumise|0 fnt
|faint|p2a: Illumise
|-damage|p1a: Talonflame|123/265|[from] Recoil
|
|upkeep
|n|!tadla|tadla
|
|t:|1776970538
|switch|p2a: Bruxish|Bruxish, L85, F|254/254
|turn|22
|
|t:|1776970548
|switch|p1a: Latias|Latias, L79, F|256/256
|move|p2a: Bruxish|Aqua Jet|p1a: Latias
|-resisted|p1a: Latias
|-damage|p1a: Latias|220/256
|
|upkeep
|turn|23
|
|t:|1776970557
|switch|p2a: Abomasnow|Abomasnow, L84, M|287/287
|-weather|Snowscape|[from] ability: Snow Warning|[of] p2a: Abomasnow
|move|p1a: Latias|Draco Meteor|p2a: Abomasnow
|-damage|p2a: Abomasnow|124/287
|-unboost|p1a: Latias|spa|2
|
|-weather|Snowscape|[upkeep]
|upkeep
|turn|24
|
|t:|1776970565
|switch|p1a: Rabsca|Rabsca, L91, F|180/284
|move|p2a: Abomasnow|Aurora Veil|p2a: Abomasnow
|-sidestart|p2: Alvarito__89|move: Aurora Veil
|
|-weather|Snowscape|[upkeep]
|upkeep
|turn|25
|
|t:|1776970582
|switch|p2a: Eternatus|Eternatus, L69|308/308
|-ability|p2a: Eternatus|Pressure
|move|p1a: Rabsca|Bug Buzz|p2a: Eternatus
|-resisted|p2a: Eternatus
|-damage|p2a: Eternatus|271/308
|
|-weather|Snowscape|[upkeep]
|upkeep
|turn|26
|
|t:|1776970594
|-terastallize|p2a: Eternatus|Fire
|move|p2a: Eternatus|Fire Blast|p1a: Rabsca
|-supereffective|p1a: Rabsca
|-damage|p1a: Rabsca|6/284
|-status|p1a: Rabsca|brn
|-activate|p1a: Rabsca|ability: Synchronize
|-immune|p2a: Eternatus
|move|p1a: Rabsca|Psychic|p2a: Eternatus
|-damage|p2a: Eternatus|198/308
|
|-weather|Snowscape|[upkeep]
|-damage|p1a: Rabsca|0 fnt|[from] brn
|faint|p1a: Rabsca
|upkeep
|
|t:|1776970612
|switch|p1a: Coalossal|Coalossal, L89, F|262/341
|turn|27
|
|t:|1776970627
|switch|p2a: Abomasnow|Abomasnow, L84, M|124/287
|move|p1a: Coalossal|Stone Edge|p2a: Abomasnow|[miss]
|-miss|p1a: Coalossal|p2a: Abomasnow
|
|-weather|none
|upkeep
|turn|28
|
|t:|1776970642
|move|p2a: Abomasnow|Earthquake|p1a: Coalossal
|-supereffective|p1a: Coalossal
|-damage|p1a: Coalossal|58/341
|move|p1a: Coalossal|Overheat|p2a: Abomasnow
|-supereffective|p2a: Abomasnow
|-damage|p2a: Abomasnow|0 fnt
|-unboost|p1a: Coalossal|spa|2
|faint|p2a: Abomasnow
|
|upkeep
|
|t:|1776970652
|switch|p2a: Eternatus|Eternatus, L69, tera:Fire|198/308
|-ability|p2a: Eternatus|Pressure
|turn|29
|
|t:|1776970662
|move|p2a: Eternatus|Dynamax Cannon|p1a: Coalossal
|-damage|p1a: Coalossal|0 fnt
|faint|p1a: Coalossal
|
|upkeep
|
|t:|1776970665
|switch|p1a: Grimmsnarl|Grimmsnarl, L83, M|265/293
|turn|30
|
|t:|1776970671
|move|p1a: Grimmsnarl|Thunder Wave|p2a: Eternatus
|-status|p2a: Eternatus|par
|move|p2a: Eternatus|Sludge Bomb|p1a: Grimmsnarl
|-supereffective|p1a: Grimmsnarl
|-damage|p1a: Grimmsnarl|49/293
|
|-heal|p1a: Grimmsnarl|67/293|[from] item: Leftovers
|upkeep
|turn|31
|
|t:|1776970677
|move|p1a: Grimmsnarl|Spirit Break|p2a: Eternatus
|-resisted|p2a: Eternatus
|-damage|p2a: Eternatus|174/308 par
|-unboost|p2a: Eternatus|spa|1
|-damage|p1a: Grimmsnarl|19/293|[from] item: Rocky Helmet|[of] p2a: Eternatus
|move|p2a: Eternatus|Sludge Bomb|p1a: Grimmsnarl
|-supereffective|p1a: Grimmsnarl
|-damage|p1a: Grimmsnarl|0 fnt
|faint|p1a: Grimmsnarl
|
|-sideend|p2: Alvarito__89|move: Aurora Veil
|upkeep
|
|t:|1776970683
|switch|p1a: Talonflame|Talonflame, L83, F, tera:Ground|123/265
|turn|32
|
|t:|1776970691
|move|p1a: Talonflame|Swords Dance|p1a: Talonflame
|-boost|p1a: Talonflame|atk|2
|move|p2a: Eternatus|Dynamax Cannon|p1a: Talonflame
|-damage|p1a: Talonflame|35/265
|
|upkeep
|turn|33
|
|t:|1776970696
|move|p1a: Talonflame|Tera Blast|p2a: Eternatus|[anim] Tera Blast Ground
|-supereffective|p2a: Eternatus
|-damage|p2a: Eternatus|0 fnt
|faint|p2a: Eternatus
|
|upkeep
|
|t:|1776970700
|switch|p2a: Bruxish|Bruxish, L85, F|254/254
|turn|34
|
|t:|1776970704
|move|p1a: Talonflame|Brave Bird|p2a: Bruxish
|-damage|p2a: Bruxish|0 fnt
|faint|p2a: Bruxish
|-damage|p1a: Talonflame|0 fnt|[from] Recoil
|faint|p1a: Talonflame
|
|upkeep
|
|t:|1776970707
|switch|p1a: Latias|Latias, L79, F|220/256
|switch|p2a: Ambipom|Ambipom, L84, M|263/263
|turn|35
|
|t:|1776970718
|move|p2a: Ambipom|Triple Axel|p1a: Latias
|-supereffective|p1a: Latias
|-damage|p1a: Latias|146/256
|-supereffective|p1a: Latias
|-damage|p1a: Latias|2/256
|-supereffective|p1a: Latias
|-damage|p1a: Latias|0 fnt
|faint|p1a: Latias
|-hitcount|p1: Latias|3
|
|win|Alvarito__89
