|j|☆64wasian
|j|☆AGGGGGGH
|t:|1776975524
|gametype|singles
|player|p1|64wasian|steven|1000
|player|p2|AGGGGGGH|hiker-gen4|1000
|gen|9
|tier|[Gen 9] Random Battle
|rated|
|rule|Species Clause: Limit one of each Pokémon
|rule|HP Percentage Mod: HP is shown in percentages
|rule|Sleep Clause Mod: Limit one foe put to sleep
|rule|Illusion Level Mod: Illusion disguises the Pokémon's true level
|
|t:|1776975524
|teamsize|p1|6
|teamsize|p2|6
|start
|switch|p1a: Jumpluff|Jumpluff, L87, F|271/271
|switch|p2a: Dunsparce|Dunsparce, L86, F|312/312
|turn|1
|inactive|Battle timer is ON: inactive players will automatically lose when time's up. (requested by AGGGGGGH)
|inactive|64wasian also wants the timer to be on.
|
|t:|1776975538
|move|p1a: Jumpluff|U-turn|p2a: Dunsparce
|-damage|p2a: Dunsparce|283/312
|
|t:|1776975542
|switch|p1a: Hatterene|Hatterene, L85, F|236/236|[from] U-turn
|move|p2a: Dunsparce|Coil|p2a: Dunsparce
|-boost|p2a: Dunsparce|atk|1
|-boost|p2a: Dunsparce|def|1
|-boost|p2a: Dunsparce|accuracy|1
|
|upkeep
|turn|2
|
|t:|1776975556
|move|p2a: Dunsparce|Earthquake|p1a: Hatterene
|-damage|p1a: Hatterene|154/236
|move|p1a: Hatterene|Calm Mind|p1a: Hatterene
|-boost|p1a: Hatterene|spa|1
|-boost|p1a: Hatterene|spd|1
|
|-heal|p1a: Hatterene|168/236|[from] item: Leftovers
|upkeep
|turn|3
|
|t:|1776975564
|move|p2a: Dunsparce|Coil|p2a: Dunsparce
|-boost|p2a: Dunsparce|atk|1
|-boost|p2a: Dunsparce|def|1
|-boost|p2a: Dunsparce|accuracy|1
|move|p1a: Hatterene|Draining Kiss|p2a: Dunsparce
|-crit|p2a: Dunsparce
|-damage|p2a: Dunsparce|159/312
|-heal|p1a: Hatterene|236/236|[from] drain|[of] p2a: Dunsparce
|
|upkeep
|turn|4
|
|t:|1776975580
|move|p2a: Dunsparce|Roost|p2a: Dunsparce
|-heal|p2a: Dunsparce|312/312
|-singleturn|p2a: Dunsparce|move: Roost
|move|p1a: Hatterene|Draining Kiss|p2a: Dunsparce
|-damage|p2a: Dunsparce|221/312
|
|upkeep
|turn|5
|
|t:|1776975587
|move|p2a: Dunsparce|Body Slam|p1a: Hatterene
|-damage|p1a: Hatterene|98/236
|move|p1a: Hatterene|Calm Mind|p1a: Hatterene
|-boost|p1a: Hatterene|spa|1
|-boost|p1a: Hatterene|spd|1
|
|-heal|p1a: Hatterene|112/236|[from] item: Leftovers
|upkeep
|turn|6
|
|t:|1776975594
|move|p2a: Dunsparce|Body Slam|p1a: Hatterene
|-damage|p1a: Hatterene|0 fnt
|faint|p1a: Hatterene
|
|upkeep
|
|t:|1776975605
|switch|p1a: Swalot|Swalot, L90, F|326/326
|turn|7
|
|t:|1776975618
|move|p1a: Swalot|Sludge Bomb|p2a: Dunsparce
|-damage|p2a: Dunsparce|152/312
|move|p2a: Dunsparce|Earthquake|p1a: Swalot
|-supereffective|p1a: Swalot
|-damage|p1a: Swalot|96/326
|
|-heal|p1a: Swalot|116/326|[from] item: Leftovers
|upkeep
|turn|8
|
|t:|1776975626
|-terastallize|p2a: Dunsparce|Ground
|move|p1a: Swalot|Sludge Bomb|p2a: Dunsparce
|-resisted|p2a: Dunsparce
|-damage|p2a: Dunsparce|113/312
|-status|p2a: Dunsparce|psn
|move|p2a: Dunsparce|Roost|p2a: Dunsparce
|-heal|p2a: Dunsparce|269/312 psn
|
|-heal|p1a: Swalot|136/326|[from] item: Leftovers
|-damage|p2a: Dunsparce|230/312 psn|[from] psn
|upkeep
|turn|9
|
|t:|1776975638
|move|p1a: Swalot|Pain Split|p2a: Dunsparce
|-sethp|p2a: Dunsparce|183/312 psn|[from] move: Pain Split|[silent]
|-sethp|p1a: Swalot|183/326|[from] move: Pain Split
|move|p2a: Dunsparce|Earthquake|p1a: Swalot
|-supereffective|p1a: Swalot
|-damage|p1a: Swalot|0 fnt
|faint|p1a: Swalot
|
|-damage|p2a: Dunsparce|144/312 psn|[from] psn
|upkeep
|
|t:|1776975650
|switch|p1a: Jumpluff|Jumpluff, L87, F|271/271
|turn|10
|
|t:|1776975655
|move|p1a: Jumpluff|Strength Sap|p2a: Dunsparce
|-unboost|p2a: Dunsparce|atk|1
|move|p2a: Dunsparce|Body Slam|p1a: Jumpluff
|-damage|p1a: Jumpluff|147/271
|-status|p1a: Jumpluff|par
|
|-damage|p2a: Dunsparce|105/312 psn|[from] psn
|upkeep
|turn|11
|
|t:|1776975664
|move|p2a: Dunsparce|Roost|p2a: Dunsparce
|-heal|p2a: Dunsparce|261/312 psn
|move|p1a: Jumpluff|Strength Sap|p2a: Dunsparce
|-unboost|p2a: Dunsparce|atk|1
|-heal|p1a: Jumpluff|271/271 par
|
|-damage|p2a: Dunsparce|222/312 psn|[from] psn
|upkeep
|turn|12
|
|t:|1776975676
|move|p2a: Dunsparce|Body Slam|p1a: Jumpluff
|-damage|p1a: Jumpluff|189/271 par
|move|p1a: Jumpluff|Strength Sap|p2a: Dunsparce
|-unboost|p2a: Dunsparce|atk|1
|-heal|p1a: Jumpluff|271/271 par
|
|-damage|p2a: Dunsparce|183/312 psn|[from] psn
|upkeep
|turn|13
|
|t:|1776975687
|move|p2a: Dunsparce|Coil|p2a: Dunsparce
|-boost|p2a: Dunsparce|atk|1
|-boost|p2a: Dunsparce|def|1
|-boost|p2a: Dunsparce|accuracy|1
|move|p1a: Jumpluff|Acrobatics|p2a: Dunsparce
|-damage|p2a: Dunsparce|158/312 psn
|
|-damage|p2a: Dunsparce|119/312 psn|[from] psn
|upkeep
|turn|14
|n|!AGGGGGGH|aggggggh
|
|t:|1776975697
|switch|p2a: Heatran|Heatran, L79, F|273/273
|-item|p2a: Heatran|Air Balloon
|move|p1a: Jumpluff|Strength Sap|p2a: Heatran
|-unboost|p2a: Heatran|atk|1
|
|upkeep
|turn|15
|
|t:|1776975708
|move|p2a: Heatran|Magma Storm|p1a: Jumpluff
|-supereffective|p1a: Jumpluff
|-damage|p1a: Jumpluff|37/271 par
|-activate|p1a: Jumpluff|move: Magma Storm|[of] p2a: Heatran
|cant|p1a: Jumpluff|par
|
|-damage|p1a: Jumpluff|4/271 par|[from] move: Magma Storm|[partiallytrapped]
|upkeep
|turn|16
|
|t:|1776975716
|move|p2a: Heatran|Magma Storm|p1a: Jumpluff
|-supereffective|p1a: Jumpluff
|-damage|p1a: Jumpluff|0 fnt
|faint|p1a: Jumpluff
|
|upkeep
|
|t:|1776975726
|switch|p1a: Palkia|Palkia-Origin, L72|249/249
|-ability|p1a: Palkia|Pressure
|turn|17
|
|t:|1776975740
|move|p1a: Palkia|Hydro Pump|p2a: Heatran
|-supereffective|p2a: Heatran
|-damage|p2a: Heatran|9/273
|-enditem|p2a: Heatran|Air Balloon
|move|p2a: Heatran|Earth Power|p1a: Palkia
|-damage|p1a: Palkia|186/249
|
|upkeep
|turn|18
|
|t:|1776975751
|move|p1a: Palkia|Spacial Rend|p2a: Heatran
|-resisted|p2a: Heatran
|-damage|p2a: Heatran|0 fnt
|faint|p2a: Heatran
|
|upkeep
|
|t:|1776975754
|switch|p2a: Breloom|Breloom, L83, F|235/235
|turn|19
|
|t:|1776975758
|move|p1a: Palkia|Fire Blast|p2a: Breloom
|-supereffective|p2a: Breloom
|-damage|p2a: Breloom|7/235
|move|p2a: Breloom|Spore|p1a: Palkia
|-status|p1a: Palkia|slp|[from] move: Spore
|
|upkeep
|turn|20
|
|t:|1776975772
|switch|p2a: Thundurus|Thundurus-Therian, L80, M|258/258
|cant|p1a: Palkia|slp
|
|upkeep
|turn|21
|
|t:|1776975779
|-curestatus|p1a: Palkia|slp|[msg]
|move|p1a: Palkia|Spacial Rend|p2a: Thundurus
|-damage|p2a: Thundurus|111/258
|move|p2a: Thundurus|Thunderbolt|p1a: Palkia
|-damage|p1a: Palkia|69/249
|
|upkeep
|turn|22
|
|t:|1776975787
|move|p1a: Palkia|Spacial Rend|p2a: Thundurus
|-damage|p2a: Thundurus|0 fnt
|faint|p2a: Thundurus
|
|upkeep
|
|t:|1776975789
|switch|p2a: Breloom|Breloom, L83, F|7/235
|turn|23
|
|t:|1776975793
|move|p1a: Palkia|Spacial Rend|p2a: Breloom
|-crit|p2a: Breloom
|-damage|p2a: Breloom|0 fnt
|faint|p2a: Breloom
|
|upkeep
|
|t:|1776975796
|switch|p2a: Dunsparce|Dunsparce, L86, F, tera:Ground|119/312 psn
|turn|24
|
|t:|1776975803
|move|p1a: Palkia|Spacial Rend|p2a: Dunsparce
|-damage|p2a: Dunsparce|1/312 psn
|move|p2a: Dunsparce|Body Slam|p1a: Palkia
|-damage|p1a: Palkia|0 fnt
|faint|p1a: Palkia
|
|-damage|p2a: Dunsparce|0 fnt|[from] psn
|faint|p2a: Dunsparce
|upkeep
|
|t:|1776975816
|switch|p1a: Ribombee|Ribombee, L83, F|235/235
|switch|p2a: Snorlax|Snorlax, L82, F|397/397
|turn|25
|
|t:|1776975836
|move|p1a: Ribombee|Quiver Dance|p1a: Ribombee
|-boost|p1a: Ribombee|spa|1
|-boost|p1a: Ribombee|spd|1
|-boost|p1a: Ribombee|spe|1
|move|p2a: Snorlax|Curse|p2a: Snorlax
|-unboost|p2a: Snorlax|spe|1
|-boost|p2a: Snorlax|atk|1
|-boost|p2a: Snorlax|def|1
|
|upkeep
|turn|26
|
|t:|1776975849
|move|p1a: Ribombee|Moonblast|p2a: Snorlax
|-crit|p2a: Snorlax
|-damage|p2a: Snorlax|207/397
|-unboost|p2a: Snorlax|spa|1
|move|p2a: Snorlax|Curse|p2a: Snorlax
|-unboost|p2a: Snorlax|spe|1
|-boost|p2a: Snorlax|atk|1
|-boost|p2a: Snorlax|def|1
|
|upkeep
|turn|27
|
|t:|1776975860
|move|p1a: Ribombee|Moonblast|p2a: Snorlax
|-crit|p2a: Snorlax
|-damage|p2a: Snorlax|29/397
|move|p2a: Snorlax|Body Slam|p1a: Ribombee
|-damage|p1a: Ribombee|0 fnt
|faint|p1a: Ribombee
|
|upkeep
|
|t:|1776975867
|switch|p1a: Cetitan|Cetitan, L82, M|412/412
|turn|28
|
|t:|1776975875
|move|p1a: Cetitan|Ice Spinner|p2a: Snorlax
|-damage|p2a: Snorlax|1/397
|move|p2a: Snorlax|Rest|p2a: Snorlax
|-status|p2a: Snorlax|slp|[from] move: Rest
|-heal|p2a: Snorlax|397/397 slp|[silent]
|-enditem|p2a: Snorlax|Chesto Berry|[eat]
|-curestatus|p2a: Snorlax|slp|[msg]
|
|upkeep
|turn|29
|
|t:|1776975883
|move|p1a: Cetitan|Belly Drum|p1a: Cetitan
|-damage|p1a: Cetitan|206/412
|-setboost|p1a: Cetitan|atk|6|[from] move: Belly Drum
|-enditem|p1a: Cetitan|Sitrus Berry|[eat]
|-heal|p1a: Cetitan|309/412|[from] item: Sitrus Berry
|move|p2a: Snorlax|Body Slam|p1a: Cetitan
|-damage|p1a: Cetitan|59/412
|
|upkeep
|turn|30
|
|t:|1776975895
|-terastallize|p1a: Cetitan|Ice
|move|p1a: Cetitan|Ice Spinner|p2a: Snorlax
|-damage|p2a: Snorlax|235/397
|move|p2a: Snorlax|Crunch|p1a: Cetitan
|-damage|p1a: Cetitan|0 fnt
|faint|p1a: Cetitan
|
|win|AGGGGGGH
