|j|☆Djdjjdjfh
|j|☆AshhFlakee
|t:|1776969463
|gametype|singles
|player|p1|Djdjjdjfh|266|1093
|player|p2|AshhFlakee|blackbelt|1085
|gen|9
|tier|[Gen 9] Random Battle
|rated|
|rule|Species Clause: Limit one of each Pokémon
|rule|HP Percentage Mod: HP is shown in percentages
|rule|Sleep Clause Mod: Limit one foe put to sleep
|rule|Illusion Level Mod: Illusion disguises the Pokémon's true level
|
|t:|1776969463
|teamsize|p1|6
|teamsize|p2|6
|start
|switch|p1a: Clefable|Clefable, L83, F|293/293
|switch|p2a: Granbull|Granbull, L88, M|302/302
|-ability|p2a: Granbull|Intimidate|boost
|-unboost|p1a: Clefable|atk|1
|turn|1
|inactive|Battle timer is ON: inactive players will automatically lose when time's up. (requested by Djdjjdjfh)
|
|t:|1776969474
|switch|p1a: Corviknight|Corviknight, L80, M|288/288
|-ability|p1a: Corviknight|Pressure
|move|p2a: Granbull|Thunder Wave|p1a: Corviknight|[miss]
|-miss|p2a: Granbull|p1a: Corviknight
|
|upkeep
|turn|2
|
|t:|1776969504
|switch|p2a: Giratina|Giratina-Origin, L72|335/335
|move|p1a: Corviknight|Brave Bird|p2a: Giratina
|-damage|p2a: Giratina|224/335
|-damage|p1a: Corviknight|251/288|[from] Recoil
|
|upkeep
|turn|3
|
|t:|1776969515
|switch|p1a: Clefable|Clefable, L83, F|293/293
|move|p2a: Giratina|Poltergeist|p1a: Clefable
|-activate|p1a: Clefable|move: Poltergeist|Life Orb
|-damage|p1a: Clefable|158/293
|
|upkeep
|turn|4
|
|t:|1776969527
|switch|p2a: Alomomola|Alomomola, L87, M|429/429
|move|p1a: Clefable|Moonlight|p1a: Clefable
|-heal|p1a: Clefable|293/293
|
|upkeep
|turn|5
|
|t:|1776969539
|switch|p1a: Galvantula|Galvantula, L82, F|249/249
|move|p2a: Alomomola|Flip Turn|p1a: Galvantula
|-damage|p1a: Galvantula|180/249
|
|t:|1776969555
|switch|p2a: Ariados|Ariados, L95, M|287/287|[from] Flip Turn
|
|upkeep
|turn|6
|inactive|AshhFlakee has 120 seconds left.
|
|t:|1776969573
|move|p1a: Galvantula|Thunder|p2a: Ariados|[miss]
|-miss|p1a: Galvantula|p2a: Ariados
|move|p2a: Ariados|Megahorn|p1a: Galvantula|[miss]
|-miss|p2a: Ariados|p1a: Galvantula
|
|upkeep
|turn|7
|inactive|AshhFlakee has 120 seconds left.
|
|t:|1776969585
|move|p1a: Galvantula|Volt Switch|p2a: Ariados
|-damage|p2a: Ariados|209/287
|
|t:|1776969589
|switch|p1a: Corviknight|Corviknight, L80, M|251/288|[from] Volt Switch
|-ability|p1a: Corviknight|Pressure
|move|p2a: Ariados|Megahorn|p1a: Corviknight
|-resisted|p1a: Corviknight
|-damage|p1a: Corviknight|215/288
|-damage|p2a: Ariados|162/287|[from] item: Rocky Helmet|[of] p1a: Corviknight
|
|upkeep
|turn|8
|inactive|AshhFlakee has 120 seconds left.
|
|t:|1776969613
|switch|p2a: Alomomola|Alomomola, L87, M|429/429
|move|p1a: Corviknight|Brave Bird|p2a: Alomomola
|-damage|p2a: Alomomola|309/429
|-damage|p1a: Corviknight|175/288|[from] Recoil
|
|upkeep
|turn|9
|inactive|AshhFlakee has 120 seconds left.
|
|t:|1776969624
|move|p2a: Alomomola|Scald|p1a: Corviknight
|-damage|p1a: Corviknight|123/288
|move|p1a: Corviknight|Body Press|p2a: Alomomola
|-damage|p2a: Alomomola|252/429
|
|upkeep
|turn|10
|
|t:|1776969628
|move|p2a: Alomomola|Scald|p1a: Corviknight
|-damage|p1a: Corviknight|68/288
|move|p1a: Corviknight|Roost|p1a: Corviknight
|-heal|p1a: Corviknight|212/288
|-singleturn|p1a: Corviknight|move: Roost
|
|upkeep
|turn|11
|
|t:|1776969634
|switch|p1a: Meowscarada|Meowscarada, L78, F|247/247
|move|p2a: Alomomola|Scald|p1a: Meowscarada
|-resisted|p1a: Meowscarada
|-damage|p1a: Meowscarada|218/247
|-status|p1a: Meowscarada|brn
|
|-damage|p1a: Meowscarada|203/247 brn|[from] brn
|upkeep
|turn|12
|
|t:|1776969646
|switch|p2a: Staraptor|Staraptor, L79, M|263/263
|move|p1a: Meowscarada|Flower Trick|p2a: Staraptor
|-start|p1a: Meowscarada|typechange|Grass|[from] ability: Protean
|-resisted|p2a: Staraptor
|-crit|p2a: Staraptor
|-damage|p2a: Staraptor|223/263
|-damage|p1a: Meowscarada|179/247 brn|[from] item: Life Orb
|
|-damage|p1a: Meowscarada|164/247 brn|[from] brn
|upkeep
|turn|13
|
|t:|1776969663
|switch|p1a: Corviknight|Corviknight, L80, M|212/288
|-ability|p1a: Corviknight|Pressure
|move|p2a: Staraptor|Brave Bird|p1a: Corviknight
|-resisted|p1a: Corviknight
|-damage|p1a: Corviknight|142/288
|-damage|p2a: Staraptor|180/263|[from] item: Rocky Helmet|[of] p1a: Corviknight
|-damage|p2a: Staraptor|157/263|[from] Recoil
|
|upkeep
|turn|14
|
|t:|1776969673
|switch|p2a: Alomomola|Alomomola, L87, M|395/429
|move|p1a: Corviknight|Roost|p1a: Corviknight
|-heal|p1a: Corviknight|286/288
|-singleturn|p1a: Corviknight|move: Roost
|
|upkeep
|turn|15
|
|t:|1776969689
|switch|p1a: Meowscarada|Meowscarada, L78, F|164/247 brn
|move|p2a: Alomomola|Scald|p1a: Meowscarada
|-resisted|p1a: Meowscarada
|-damage|p1a: Meowscarada|131/247 brn
|
|-damage|p1a: Meowscarada|116/247 brn|[from] brn
|upkeep
|turn|16
|
|t:|1776969700
|move|p2a: Alomomola|Protect|p2a: Alomomola
|-singleturn|p2a: Alomomola|Protect
|move|p1a: Meowscarada|Knock Off|p2a: Alomomola
|-start|p1a: Meowscarada|typechange|Dark|[from] ability: Protean
|-activate|p2a: Alomomola|move: Protect
|
|-damage|p1a: Meowscarada|101/247 brn|[from] brn
|upkeep
|turn|17
|
|t:|1776969715
|move|p1a: Meowscarada|Knock Off|p2a: Alomomola
|-damage|p2a: Alomomola|325/429
|-enditem|p2a: Alomomola|Heavy-Duty Boots|[from] move: Knock Off|[of] p1a: Meowscarada
|-damage|p1a: Meowscarada|77/247 brn|[from] item: Life Orb
|move|p2a: Alomomola|Flip Turn|p1a: Meowscarada
|-damage|p1a: Meowscarada|1/247 brn
|
|t:|1776969723
|switch|p2a: Granbull|Granbull, L88, M|302/302|[from] Flip Turn
|-ability|p2a: Granbull|Intimidate|boost
|-unboost|p1a: Meowscarada|atk|1
|
|-damage|p1a: Meowscarada|0 fnt|[from] brn
|faint|p1a: Meowscarada
|upkeep
|
|t:|1776969740
|switch|p1a: Galvantula|Galvantula, L82, F|180/249
|turn|18
|
|t:|1776969752
|move|p1a: Galvantula|Volt Switch|p2a: Granbull
|-damage|p2a: Granbull|218/302
|
|t:|1776969756
|switch|p1a: Corviknight|Corviknight, L80, M|286/288|[from] Volt Switch
|-ability|p1a: Corviknight|Pressure
|move|p2a: Granbull|Roar|p1a: Corviknight
|drag|p1a: Greninja|Greninja, L80, M|246/246
|
|-heal|p2a: Granbull|236/302|[from] item: Leftovers
|upkeep
|turn|19
|
|t:|1776969766
|move|p1a: Greninja|U-turn|p2a: Granbull
|-start|p1a: Greninja|typechange|Bug|[from] ability: Protean
|-resisted|p2a: Granbull
|-crit|p2a: Granbull
|-damage|p2a: Granbull|179/302
|
|t:|1776969773
|switch|p1a: Galvantula|Galvantula, L82, F|180/249|[from] U-turn
|move|p2a: Granbull|Play Rough|p1a: Galvantula
|-damage|p1a: Galvantula|24/249
|-unboost|p1a: Galvantula|atk|1
|
|-heal|p2a: Granbull|197/302|[from] item: Leftovers
|upkeep
|turn|20
|
|t:|1776969783
|move|p1a: Galvantula|Volt Switch|p2a: Granbull
|-damage|p2a: Granbull|110/302
|
|t:|1776969788
|switch|p1a: Corviknight|Corviknight, L80, M|286/288|[from] Volt Switch
|-ability|p1a: Corviknight|Pressure
|move|p2a: Granbull|Play Rough|p1a: Corviknight
|-resisted|p1a: Corviknight
|-damage|p1a: Corviknight|231/288
|-damage|p2a: Granbull|60/302|[from] item: Rocky Helmet|[of] p1a: Corviknight
|
|-heal|p2a: Granbull|78/302|[from] item: Leftovers
|upkeep
|turn|21
|
|t:|1776969795
|switch|p2a: Alomomola|Alomomola, L87, M|429/429
|move|p1a: Corviknight|Brave Bird|p2a: Alomomola
|-damage|p2a: Alomomola|320/429
|-damage|p1a: Corviknight|195/288|[from] Recoil
|
|upkeep
|turn|22
|
|t:|1776969805
|move|p2a: Alomomola|Scald|p1a: Corviknight
|-damage|p1a: Corviknight|138/288
|move|p1a: Corviknight|Roost|p1a: Corviknight
|-heal|p1a: Corviknight|282/288
|-singleturn|p1a: Corviknight|move: Roost
|
|upkeep
|turn|23
|
|t:|1776969812
|switch|p1a: Clefable|Clefable, L83, F|293/293
|move|p2a: Alomomola|Scald|p1a: Clefable
|-damage|p1a: Clefable|245/293
|-status|p1a: Clefable|brn
|
|upkeep
|turn|24
|
|t:|1776969826
|switch|p2a: Giratina|Giratina-Origin, L72|224/335
|move|p1a: Clefable|Moonblast|p2a: Giratina
|-supereffective|p2a: Giratina
|-damage|p2a: Giratina|0 fnt
|faint|p2a: Giratina
|
|upkeep
|
|t:|1776969835
|switch|p2a: Granbull|Granbull, L88, M|78/302
|-ability|p2a: Granbull|Intimidate|boost
|-unboost|p1a: Clefable|atk|1
|turn|25
|
|t:|1776969845
|move|p1a: Clefable|Moonblast|p2a: Granbull
|-damage|p2a: Granbull|0 fnt
|faint|p2a: Granbull
|
|upkeep
|
|t:|1776969849
|switch|p2a: Staraptor|Staraptor, L79, M|157/263
|turn|26
|
|t:|1776969863
|switch|p1a: Corviknight|Corviknight, L80, M|282/288
|-ability|p1a: Corviknight|Pressure
|move|p2a: Staraptor|U-turn|p1a: Corviknight
|-resisted|p1a: Corviknight
|-damage|p1a: Corviknight|271/288
|-damage|p2a: Staraptor|114/263|[from] item: Rocky Helmet|[of] p1a: Corviknight
|
|t:|1776969872
|switch|p2a: Alomomola|Alomomola, L87, M|429/429|[from] U-turn
|
|upkeep
|turn|27
|
|t:|1776969886
|switch|p1a: Clefable|Clefable, L83, F|245/293 brn
|move|p2a: Alomomola|Scald|p1a: Clefable
|-damage|p1a: Clefable|199/293 brn
|
|upkeep
|turn|28
|
|t:|1776969902
|move|p2a: Alomomola|Flip Turn|p1a: Clefable
|-damage|p1a: Clefable|129/293 brn
|
|t:|1776969908
|switch|p2a: Ariados|Ariados, L95, M|162/287|[from] Flip Turn
|move|p1a: Clefable|Moonlight|p1a: Clefable
|-heal|p1a: Clefable|275/293 brn
|
|upkeep
|turn|29
|
|t:|1776969916
|switch|p1a: Corviknight|Corviknight, L80, M|271/288
|-ability|p1a: Corviknight|Pressure
|move|p2a: Ariados|Sticky Web|p1a: Corviknight
|-sidestart|p1: Djdjjdjfh|move: Sticky Web
|
|upkeep
|turn|30
|
|t:|1776969925
|switch|p2a: Alomomola|Alomomola, L87, M|429/429
|move|p1a: Corviknight|Defog|p2a: Alomomola
|-unboost|p2a: Alomomola|evasion|1
|-sideend|p1: Djdjjdjfh|Sticky Web|[from] move: Defog|[of] p1a: Corviknight
|
|upkeep
|turn|31
|
|t:|1776969932
|switch|p1a: Clefable|Clefable, L83, F|275/293 brn
|move|p2a: Alomomola|Scald|p1a: Clefable
|-damage|p1a: Clefable|229/293 brn
|
|upkeep
|turn|32
|
|t:|1776969945
|switch|p2a: Ariados|Ariados, L95, M|162/287
|move|p1a: Clefable|Calm Mind|p1a: Clefable
|-boost|p1a: Clefable|spa|1
|-boost|p1a: Clefable|spd|1
|
|upkeep
|turn|33
|
|t:|1776969956
|move|p1a: Clefable|Fire Blast|p2a: Ariados
|-supereffective|p2a: Ariados
|-damage|p2a: Ariados|0 fnt
|faint|p2a: Ariados
|
|upkeep
|
|t:|1776969964
|switch|p2a: Lapras|Lapras, L87, F|368/368
|turn|34
|
|t:|1776969976
|move|p2a: Lapras|Freeze-Dry|p1a: Clefable
|-damage|p1a: Clefable|180/293 brn
|move|p1a: Clefable|Moonblast|p2a: Lapras
|-damage|p2a: Lapras|183/368
|
|upkeep
|turn|35
|
|t:|1776969984
|move|p2a: Lapras|Rest|p2a: Lapras
|-status|p2a: Lapras|slp|[from] move: Rest
|-heal|p2a: Lapras|368/368 slp|[silent]
|move|p1a: Clefable|Moonblast|p2a: Lapras
|-damage|p2a: Lapras|195/368 slp
|-unboost|p2a: Lapras|spa|1
|
|upkeep
|turn|36
|
|t:|1776969993
|cant|p2a: Lapras|slp
|move|p2a: Lapras|Sleep Talk|p2a: Lapras
|move|p2a: Lapras|Freeze-Dry|p1a: Clefable|[from] move: Sleep Talk
|-damage|p1a: Clefable|150/293 brn
|move|p1a: Clefable|Calm Mind|p1a: Clefable
|-boost|p1a: Clefable|spa|1
|-boost|p1a: Clefable|spd|1
|
|upkeep
|turn|37
|
|t:|1776970002
|cant|p2a: Lapras|slp
|move|p2a: Lapras|Sleep Talk|p2a: Lapras
|move|p2a: Lapras|Freeze-Dry|p1a: Clefable|[from] move: Sleep Talk
|-damage|p1a: Clefable|125/293 brn
|move|p1a: Clefable|Moonlight|p1a: Clefable
|-heal|p1a: Clefable|271/293 brn
|
|upkeep
|turn|38
|
|t:|1776970013
|-curestatus|p2a: Lapras|slp|[msg]
|move|p2a: Lapras|Sleep Talk||[still]
|-fail|p2a: Lapras
|move|p1a: Clefable|Moonblast|p2a: Lapras
|-damage|p2a: Lapras|0 fnt
|faint|p2a: Lapras
|
|upkeep
|
|t:|1776970031
|switch|p2a: Alomomola|Alomomola, L87, M|429/429
|turn|39
|
|t:|1776970035
|switch|p2a: Staraptor|Staraptor, L79, M|114/263
|move|p1a: Clefable|Moonblast|p2a: Staraptor
|-damage|p2a: Staraptor|0 fnt
|faint|p2a: Staraptor
|
|upkeep
|
|t:|1776970038
|switch|p2a: Alomomola|Alomomola, L87, M|429/429
|turn|40
|
|t:|1776970043
|-terastallize|p2a: Alomomola|Steel
|-terastallize|p1a: Clefable|Fire
|move|p2a: Alomomola|Scald|p1a: Clefable
|-supereffective|p1a: Clefable
|-damage|p1a: Clefable|221/293 brn
|move|p1a: Clefable|Moonblast|p2a: Alomomola
|-resisted|p2a: Alomomola
|-damage|p2a: Alomomola|246/429
|-unboost|p2a: Alomomola|spa|1
|
|upkeep
|turn|41
|
|t:|1776970053
|move|p2a: Alomomola|Scald|p1a: Clefable
|-supereffective|p1a: Clefable
|-damage|p1a: Clefable|183/293 brn
|move|p1a: Clefable|Fire Blast|p2a: Alomomola
|-supereffective|p2a: Alomomola
|-damage|p2a: Alomomola|0 fnt
|faint|p2a: Alomomola
|
|win|Djdjjdjfh
|raw|Djdjjdjfh's rating: 1093 &rarr; <strong>1118</strong><br />(+25 for winning)
|raw|AshhFlakee's rating: 1085 &rarr; <strong>1063</strong><br />(-22 for losing)
