|j|☆Solarpros
|j|☆tobygyn
|t:|1772746173
|gametype|singles
|player|p1|Solarpros|2|1863
|player|p2|tobygyn|101|1889
|gen|9
|tier|[Gen 9] Random Battle
|rated|
|rule|Species Clause: Limit one of each Pokémon
|rule|HP Percentage Mod: HP is shown in percentages
|rule|Sleep Clause Mod: Limit one foe put to sleep
|rule|Illusion Level Mod: Illusion disguises the Pokémon's true level
|
|t:|1772746173
|teamsize|p1|6
|teamsize|p2|6
|start
|switch|p1a: Zekrom|Zekrom, L71|259/259
|switch|p2a: Torkoal|Torkoal, L88, F|266/266
|-ability|p1a: Zekrom|Teravolt
|-weather|SunnyDay|[from] ability: Drought|[of] p2a: Torkoal
|turn|1
|
|t:|1772746192
|move|p1a: Zekrom|Bolt Strike|p2a: Torkoal|[miss]
|-miss|p1a: Zekrom|p2a: Torkoal
|move|p2a: Torkoal|Yawn|p1a: Zekrom
|-start|p1a: Zekrom|move: Yawn|[of] p2a: Torkoal
|
|-weather|SunnyDay|[upkeep]
|upkeep
|turn|2
|
|t:|1772746202
|switch|p1a: Hippowdon|Hippowdon, L82, F|311/311
|-weather|Sandstorm|[from] ability: Sand Stream|[of] p1a: Hippowdon
|move|p2a: Torkoal|Lava Plume|p1a: Hippowdon
|-damage|p1a: Hippowdon|217/311
|-status|p1a: Hippowdon|brn
|
|-weather|Sandstorm|[upkeep]
|-damage|p2a: Torkoal|250/266|[from] Sandstorm
|-heal|p1a: Hippowdon|236/311 brn|[from] item: Leftovers
|-damage|p1a: Hippowdon|217/311 brn|[from] brn
|upkeep
|turn|3
|
|t:|1772746224
|switch|p1a: Salazzle|Salazzle, L83, F|249/249
|switch|p2a: Groudon|Groudon, L72|263/263
|-weather|SunnyDay|[from] ability: Drought|[of] p2a: Groudon
|
|-weather|SunnyDay|[upkeep]
|upkeep
|turn|4
|
|t:|1772746233
|switch|p1a: Hippowdon|Hippowdon, L82, F|217/311 brn
|-weather|Sandstorm|[from] ability: Sand Stream|[of] p1a: Hippowdon
|move|p2a: Groudon|Precipice Blades|p1a: Hippowdon
|-damage|p1a: Hippowdon|99/311 brn
|
|-weather|Sandstorm|[upkeep]
|-heal|p1a: Hippowdon|118/311 brn|[from] item: Leftovers
|-damage|p1a: Hippowdon|99/311 brn|[from] brn
|upkeep
|turn|5
|
|t:|1772746268
|switch|p1a: Mudsdale|Mudsdale, L83, F|302/302
|move|p2a: Groudon|Precipice Blades|p1a: Mudsdale
|-damage|p1a: Mudsdale|182/302
|-ability|p1a: Mudsdale|Stamina|boost
|-boost|p1a: Mudsdale|def|1
|
|-weather|Sandstorm|[upkeep]
|-heal|p1a: Mudsdale|200/302|[from] item: Leftovers
|upkeep
|turn|6
|
|t:|1772746276
|switch|p2a: Volbeat|Volbeat, L90, M|263/263
|move|p1a: Mudsdale|Stealth Rock|p2a: Volbeat
|-sidestart|p2: tobygyn|move: Stealth Rock
|
|-weather|Sandstorm|[upkeep]
|-damage|p2a: Volbeat|247/263|[from] Sandstorm
|-heal|p1a: Mudsdale|218/302|[from] item: Leftovers
|upkeep
|turn|7
|
|t:|1772746285
|switch|p1a: Hippowdon|Hippowdon, L82, F|99/311 brn
|move|p2a: Volbeat|Encore||[still]
|-fail|p2a: Volbeat
|
|-weather|Sandstorm|[upkeep]
|-damage|p2a: Volbeat|231/263|[from] Sandstorm
|-heal|p1a: Hippowdon|118/311 brn|[from] item: Leftovers
|-damage|p1a: Hippowdon|99/311 brn|[from] brn
|upkeep
|turn|8
|
|t:|1772746289
|move|p2a: Volbeat|U-turn|p1a: Hippowdon
|-damage|p1a: Hippowdon|42/311 brn
|
|t:|1772746295
|switch|p2a: Torkoal|Torkoal, L88, F|250/266|[from] U-turn
|-weather|SunnyDay|[from] ability: Drought|[of] p2a: Torkoal
|move|p1a: Hippowdon|Slack Off|p1a: Hippowdon
|-heal|p1a: Hippowdon|198/311 brn
|
|-weather|SunnyDay|[upkeep]
|-heal|p1a: Hippowdon|217/311 brn|[from] item: Leftovers
|-damage|p1a: Hippowdon|198/311 brn|[from] brn
|upkeep
|turn|9
|
|t:|1772746312
|move|p1a: Hippowdon|Earthquake|p2a: Torkoal
|-supereffective|p2a: Torkoal
|-damage|p2a: Torkoal|174/266
|move|p2a: Torkoal|Rapid Spin|p1a: Hippowdon
|-damage|p1a: Hippowdon|171/311 brn
|-boost|p2a: Torkoal|spe|1
|-sideend|p2: tobygyn|Stealth Rock|[from] move: Rapid Spin|[of] p2a: Torkoal
|
|-weather|SunnyDay|[upkeep]
|-heal|p1a: Hippowdon|190/311 brn|[from] item: Leftovers
|-damage|p1a: Hippowdon|171/311 brn|[from] brn
|upkeep
|turn|10
|
|t:|1772746334
|move|p2a: Torkoal|Solar Beam||[still]
|-prepare|p2a: Torkoal|Solar Beam
|-anim|p2a: Torkoal|Solar Beam|p1a: Hippowdon
|-supereffective|p1a: Hippowdon
|-damage|p1a: Hippowdon|0 fnt
|faint|p1a: Hippowdon
|
|-weather|SunnyDay|[upkeep]
|upkeep
|
|t:|1772746343
|switch|p1a: Salazzle|Salazzle, L83, F|249/249
|turn|11
|inactive|Battle timer is ON: inactive players will automatically lose when time's up. (requested by Solarpros)
|
|t:|1772746419
|move|p1a: Salazzle|Substitute|p1a: Salazzle
|-start|p1a: Salazzle|Substitute
|-damage|p1a: Salazzle|187/249
|move|p2a: Torkoal|Yawn||[still]
|-fail|p2a: Torkoal
|
|-weather|SunnyDay|[upkeep]
|-heal|p1a: Salazzle|202/249|[from] item: Leftovers
|upkeep
|turn|12
|
|t:|1772746437
|move|p1a: Salazzle|Toxic|p2a: Torkoal
|-status|p2a: Torkoal|tox
|move|p2a: Torkoal|Lava Plume|p1a: Salazzle
|-resisted|p1a: Salazzle
|-end|p1a: Salazzle|Substitute
|
|-weather|none
|-heal|p1a: Salazzle|217/249|[from] item: Leftovers
|-damage|p2a: Torkoal|158/266 tox|[from] psn
|upkeep
|turn|13
|
|t:|1772746441
|switch|p2a: Volbeat|Volbeat, L90, M|231/263
|move|p1a: Salazzle|Substitute|p1a: Salazzle
|-start|p1a: Salazzle|Substitute
|-damage|p1a: Salazzle|155/249
|
|-heal|p1a: Salazzle|170/249|[from] item: Leftovers
|upkeep
|turn|14
|
|t:|1772746447
|move|p1a: Salazzle|Protect|p1a: Salazzle
|-singleturn|p1a: Salazzle|Protect
|move|p2a: Volbeat|Encore|p1a: Salazzle
|-activate|p1a: Salazzle|move: Protect
|
|-heal|p1a: Salazzle|185/249|[from] item: Leftovers
|upkeep
|turn|15
|
|t:|1772746467
|switch|p1a: Mudsdale|Mudsdale, L83, F|218/302
|move|p2a: Volbeat|U-turn|p1a: Mudsdale
|-damage|p1a: Mudsdale|154/302
|-ability|p1a: Mudsdale|Stamina|boost
|-boost|p1a: Mudsdale|def|1
|inactive|tobygyn has 120 seconds left.
|
|t:|1772746489
|switch|p2a: Torkoal|Torkoal, L88, F|158/266 tox|[from] U-turn
|-weather|SunnyDay|[from] ability: Drought|[of] p2a: Torkoal
|
|-weather|SunnyDay|[upkeep]
|-heal|p1a: Mudsdale|172/302|[from] item: Leftovers
|-damage|p2a: Torkoal|142/266 tox|[from] psn
|upkeep
|turn|16
|
|t:|1772746511
|move|p1a: Mudsdale|Earthquake|p2a: Torkoal
|-supereffective|p2a: Torkoal
|-damage|p2a: Torkoal|0 fnt
|faint|p2a: Torkoal
|
|-weather|SunnyDay|[upkeep]
|-heal|p1a: Mudsdale|190/302|[from] item: Leftovers
|upkeep
|
|t:|1772746520
|switch|p2a: Victreebel|Victreebel, L90, F|290/290
|turn|17
|
|t:|1772746533
|switch|p1a: Zekrom|Zekrom, L71|259/259
|-ability|p1a: Zekrom|Teravolt
|move|p2a: Victreebel|Power Whip|p1a: Zekrom
|-resisted|p1a: Zekrom
|-damage|p1a: Zekrom|165/259
|-damage|p2a: Victreebel|261/290|[from] item: Life Orb
|
|-weather|SunnyDay|[upkeep]
|-heal|p1a: Zekrom|181/259|[from] item: Leftovers
|upkeep
|turn|18
|inactive|tobygyn has 120 seconds left.
|inactive|tobygyn has 90 seconds left.
|
|t:|1772746600
|move|p2a: Victreebel|Sludge Wave|p1a: Zekrom
|-damage|p1a: Zekrom|25/259
|-damage|p2a: Victreebel|232/290|[from] item: Life Orb
|move|p1a: Zekrom|Outrage|p2a: Victreebel
|-damage|p2a: Victreebel|73/290
|
|-weather|SunnyDay|[upkeep]
|-heal|p1a: Zekrom|41/259|[from] item: Leftovers
|upkeep
|turn|19
|
|t:|1772746605
|move|p2a: Victreebel|Sludge Wave|p1a: Zekrom
|-damage|p1a: Zekrom|0 fnt
|faint|p1a: Zekrom
|-damage|p2a: Victreebel|44/290|[from] item: Life Orb
|
|-weather|none
|upkeep
|
|t:|1772746613
|switch|p1a: Lokix|Lokix, L82, M|251/251
|turn|20
|inactive|tobygyn has 90 seconds left.
|
|t:|1772746650
|move|p2a: Victreebel|Sucker Punch|p1a: Lokix
|-resisted|p1a: Lokix
|-damage|p1a: Lokix|209/251
|-damage|p2a: Victreebel|15/290|[from] item: Life Orb
|move|p1a: Lokix|Knock Off|p2a: Victreebel
|-damage|p2a: Victreebel|0 fnt
|-enditem|p2a: Victreebel|Life Orb|[from] move: Knock Off|[of] p1a: Lokix
|faint|p2a: Victreebel
|-damage|p1a: Lokix|184/251|[from] item: Life Orb
|
|upkeep
|
|t:|1772746658
|switch|p2a: Volbeat|Volbeat, L90, M|231/263
|turn|21
|inactive|Solarpros has 120 seconds left.
|
|t:|1772746703
|switch|p1a: Mudsdale|Mudsdale, L83, F|190/302
|move|p2a: Volbeat|U-turn|p1a: Mudsdale
|-damage|p1a: Mudsdale|126/302
|-ability|p1a: Mudsdale|Stamina|boost
|-boost|p1a: Mudsdale|def|1
|
|t:|1772746717
|switch|p2a: Groudon|Groudon, L72|263/263|[from] U-turn
|-weather|SunnyDay|[from] ability: Drought|[of] p2a: Groudon
|
|-weather|SunnyDay|[upkeep]
|-heal|p1a: Mudsdale|144/302|[from] item: Leftovers
|upkeep
|turn|22
|
|t:|1772746730
|move|p2a: Groudon|Swords Dance|p2a: Groudon
|-boost|p2a: Groudon|atk|2
|move|p1a: Mudsdale|Roar|p2a: Groudon
|drag|p2a: Volbeat|Volbeat, L90, M|231/263
|
|-weather|SunnyDay|[upkeep]
|-heal|p1a: Mudsdale|162/302|[from] item: Leftovers
|upkeep
|turn|23
|inactive|tobygyn has 90 seconds left.
|inactive|tobygyn has 60 seconds left.
|
|t:|1772746777
|move|p2a: Volbeat|Encore|p1a: Mudsdale
|-start|p1a: Mudsdale|Encore
|move|p1a: Mudsdale|Roar|p2a: Volbeat
|drag|p2a: Iron Boulder|Iron Boulder, L77|265/265
|
|-weather|SunnyDay|[upkeep]
|-heal|p1a: Mudsdale|180/302|[from] item: Leftovers
|upkeep
|turn|24
|
|t:|1772746785
|move|p2a: Iron Boulder|Zen Headbutt|p1a: Mudsdale
|-damage|p1a: Mudsdale|118/302
|-ability|p1a: Mudsdale|Stamina|boost
|-boost|p1a: Mudsdale|def|1
|-damage|p2a: Iron Boulder|239/265|[from] item: Life Orb
|cant|p1a: Mudsdale|flinch
|
|-weather|SunnyDay|[upkeep]
|-heal|p1a: Mudsdale|136/302|[from] item: Leftovers
|upkeep
|turn|25
|
|t:|1772746790
|move|p2a: Iron Boulder|Zen Headbutt|p1a: Mudsdale
|-damage|p1a: Mudsdale|84/302
|-ability|p1a: Mudsdale|Stamina|boost
|-boost|p1a: Mudsdale|def|1
|-damage|p2a: Iron Boulder|213/265|[from] item: Life Orb
|move|p1a: Mudsdale|Roar|p2a: Iron Boulder
|-end|p2a: Iron Boulder|Quark Drive|[silent]
|drag|p2a: Volbeat|Volbeat, L90, M|231/263
|
|-weather|none
|-heal|p1a: Mudsdale|102/302|[from] item: Leftovers
|-end|p1a: Mudsdale|Encore
|upkeep
|turn|26
|
|t:|1772746800
|move|p2a: Volbeat|Encore|p1a: Mudsdale
|-start|p1a: Mudsdale|Encore
|move|p1a: Mudsdale|Roar|p2a: Volbeat
|drag|p2a: Iron Boulder|Iron Boulder, L77|213/265
|
|-heal|p1a: Mudsdale|120/302|[from] item: Leftovers
|upkeep
|turn|27
|
|t:|1772746804
|move|p2a: Iron Boulder|Zen Headbutt|p1a: Mudsdale
|-damage|p1a: Mudsdale|81/302
|-ability|p1a: Mudsdale|Stamina|boost
|-boost|p1a: Mudsdale|def|1
|-damage|p2a: Iron Boulder|187/265|[from] item: Life Orb
|cant|p1a: Mudsdale|flinch
|
|-heal|p1a: Mudsdale|99/302|[from] item: Leftovers
|upkeep
|turn|28
|
|t:|1772746810
|move|p2a: Iron Boulder|Zen Headbutt|p1a: Mudsdale
|-damage|p1a: Mudsdale|60/302
|-ability|p1a: Mudsdale|Stamina|boost
|-boost|p1a: Mudsdale|def|1
|-damage|p2a: Iron Boulder|161/265|[from] item: Life Orb
|move|p1a: Mudsdale|Roar|p2a: Iron Boulder
|-end|p2a: Iron Boulder|Quark Drive|[silent]
|drag|p2a: Groudon|Groudon, L72|263/263
|-weather|SunnyDay|[from] ability: Drought|[of] p2a: Groudon
|
|-weather|SunnyDay|[upkeep]
|-heal|p1a: Mudsdale|78/302|[from] item: Leftovers
|-end|p1a: Mudsdale|Encore
|upkeep
|turn|29
|
|t:|1772746832
|move|p2a: Groudon|Precipice Blades|p1a: Mudsdale
|-damage|p1a: Mudsdale|41/302
|-ability|p1a: Mudsdale|Stamina|boost
|-boost|p1a: Mudsdale|def|1
|move|p1a: Mudsdale|Earthquake|p2a: Groudon
|-damage|p2a: Groudon|161/263
|
|-weather|SunnyDay|[upkeep]
|-heal|p2a: Groudon|177/263|[from] item: Leftovers
|-heal|p1a: Mudsdale|59/302|[from] item: Leftovers
|upkeep
|turn|30
|
|t:|1772746843
|move|p2a: Groudon|Precipice Blades|p1a: Mudsdale
|-damage|p1a: Mudsdale|26/302
|move|p1a: Mudsdale|Earthquake|p2a: Groudon
|-damage|p2a: Groudon|69/263
|
|-weather|SunnyDay|[upkeep]
|-heal|p2a: Groudon|85/263|[from] item: Leftovers
|-heal|p1a: Mudsdale|44/302|[from] item: Leftovers
|upkeep
|turn|31
|
|t:|1772746852
|move|p2a: Groudon|Precipice Blades|p1a: Mudsdale
|-damage|p1a: Mudsdale|11/302
|move|p1a: Mudsdale|Earthquake|p2a: Groudon
|-damage|p2a: Groudon|0 fnt
|faint|p2a: Groudon
|
|-weather|SunnyDay|[upkeep]
|-heal|p1a: Mudsdale|29/302|[from] item: Leftovers
|upkeep
|
|t:|1772746872
|switch|p2a: Iron Boulder|Iron Boulder, L77|161/265
|turn|32
|
|t:|1772746876
|move|p2a: Iron Boulder|Zen Headbutt|p1a: Mudsdale
|-damage|p1a: Mudsdale|4/302
|-damage|p2a: Iron Boulder|135/265|[from] item: Life Orb
|move|p1a: Mudsdale|Earthquake|p2a: Iron Boulder
|-supereffective|p2a: Iron Boulder
|-damage|p2a: Iron Boulder|0 fnt
|faint|p2a: Iron Boulder
|-end|p2a: Iron Boulder|Quark Drive|[silent]
|
|-weather|none
|-heal|p1a: Mudsdale|22/302|[from] item: Leftovers
|upkeep
|inactive|tobygyn has 90 seconds left.
|
|t:|1772746903
|switch|p2a: Volbeat|Volbeat, L90, M|231/263
|turn|33
|
|t:|1772746908
|move|p2a: Volbeat|U-turn|p1a: Mudsdale
|-damage|p1a: Mudsdale|4/302
|
|t:|1772746909
|switch|p2a: Morpeko|Morpeko, L88, M|245/245|[from] U-turn
|move|p1a: Mudsdale|Heavy Slam|p2a: Morpeko
|-resisted|p2a: Morpeko
|-damage|p2a: Morpeko|182/245
|
|-heal|p1a: Mudsdale|22/302|[from] item: Leftovers
|-formechange|p2a: Morpeko|Morpeko-Hangry||[from] ability: Hunger Switch
|upkeep
|turn|34
|
|t:|1772746918
|move|p2a: Morpeko|Aura Wheel|p1a: Mudsdale
|-damage|p1a: Mudsdale|0 fnt
|-boost|p2a: Morpeko|spe|1
|faint|p1a: Mudsdale
|
|-formechange|p2a: Morpeko|Morpeko||[from] ability: Hunger Switch
|upkeep
|
|t:|1772746931
|switch|p1a: Lokix|Lokix, L82, M|184/251
|turn|35
|inactive|tobygyn has 120 seconds left.
|
|t:|1772746951
|-terastallize|p2a: Morpeko|Electric
|move|p2a: Morpeko|Aura Wheel|p1a: Lokix
|-damage|p1a: Lokix|0 fnt
|-boost|p2a: Morpeko|spe|1
|faint|p1a: Lokix
|
|upkeep
|
|t:|1772746955
|switch|p1a: Frosmoth|Frosmoth, L82, M|249/249
|turn|36
|inactive|tobygyn has 120 seconds left.
|inactive|tobygyn has 90 seconds left.
|
|t:|1772746996
|-terastallize|p1a: Frosmoth|Ground
|move|p2a: Morpeko|Aura Wheel|p1a: Frosmoth
|-immune|p1a: Frosmoth
|move|p1a: Frosmoth|Tera Blast|p2a: Morpeko|[anim] Tera Blast Ground
|-supereffective|p2a: Morpeko
|-damage|p2a: Morpeko|0 fnt
|faint|p2a: Morpeko
|
|upkeep
|
|t:|1772747000
|switch|p2a: Volbeat|Volbeat, L90, M|231/263
|turn|37
|
|t:|1772747010
|switch|p1a: Salazzle|Salazzle, L83, F|185/249
|move|p2a: Volbeat|Encore||[still]
|-fail|p2a: Volbeat
|
|-heal|p1a: Salazzle|200/249|[from] item: Leftovers
|upkeep
|turn|38
|
|t:|1772747020
|move|p2a: Volbeat|Thunder Wave|p1a: Salazzle
|-status|p1a: Salazzle|par
|cant|p1a: Salazzle|par
|
|-heal|p1a: Salazzle|215/249 par|[from] item: Leftovers
|upkeep
|turn|39
|
|t:|1772747024
|move|p2a: Volbeat|U-turn|p1a: Salazzle
|-resisted|p1a: Salazzle
|-crit|p1a: Salazzle
|-damage|p1a: Salazzle|181/249 par
|move|p1a: Salazzle|Flamethrower|p2a: Volbeat
|-supereffective|p2a: Volbeat
|-damage|p2a: Volbeat|15/263
|
|-heal|p1a: Salazzle|196/249 par|[from] item: Leftovers
|upkeep
|turn|40
|inactive|tobygyn has 120 seconds left.
|
|t:|1772747048
|move|p2a: Volbeat|Roost|p2a: Volbeat
|-heal|p2a: Volbeat|147/263
|-singleturn|p2a: Volbeat|move: Roost
|move|p1a: Salazzle|Flamethrower|p2a: Volbeat
|-supereffective|p2a: Volbeat
|-crit|p2a: Volbeat
|-damage|p2a: Volbeat|0 fnt
|faint|p2a: Volbeat
|
|win|Solarpros
|raw|Solarpros's rating: 1863 &rarr; <strong>1884</strong><br />(+21 for winning)
|raw|tobygyn's rating: 1889 &rarr; <strong>1868</strong><br />(-21 for losing)
|c|☆tobygyn|gg
|c|☆Solarpros|gg
|l|☆tobygyn
|player|p2|
|c|☆Solarpros|Crit for style pointe
