|j|☆manishramanak
|j|☆fanacso
|t:|1776973918
|gametype|singles
|player|p1|manishramanak|265|1441
|player|p2|fanacso|2|1394
|gen|9
|tier|[Gen 9] Random Battle
|rated|
|rule|Species Clause: Limit one of each Pokémon
|rule|HP Percentage Mod: HP is shown in percentages
|rule|Sleep Clause Mod: Limit one foe put to sleep
|rule|Illusion Level Mod: Illusion disguises the Pokémon's true level
|
|t:|1776973918
|teamsize|p1|6
|teamsize|p2|6
|start
|switch|p1a: Breloom|Breloom, L83, F|235/235
|switch|p2a: Smeargle|Smeargle, L95, F|258/258
|turn|1
|inactive|Battle timer is ON: inactive players will automatically lose when time's up. (requested by manishramanak)
|
|t:|1776973941
|-terastallize|p2a: Smeargle|Ghost
|move|p2a: Smeargle|Sticky Web|p1a: Breloom
|-sidestart|p1: manishramanak|move: Sticky Web
|move|p1a: Breloom|Swords Dance|p1a: Breloom
|-boost|p1a: Breloom|atk|2
|
|upkeep
|turn|2
|
|t:|1776973952
|move|p2a: Smeargle|Stealth Rock|p1a: Breloom
|-sidestart|p1: manishramanak|move: Stealth Rock
|move|p1a: Breloom|Bullet Seed|p2a: Smeargle
|-damage|p2a: Smeargle|44/258
|-damage|p2a: Smeargle|0 fnt
|faint|p2a: Smeargle
|-hitcount|p2: Smeargle|2
|-damage|p1a: Breloom|212/235|[from] item: Life Orb
|
|upkeep
|
|t:|1776973962
|switch|p2a: Arbok|Arbok, L87, M|246/246
|-ability|p2a: Arbok|Intimidate|boost
|-unboost|p1a: Breloom|atk|1
|turn|3
|
|t:|1776973975
|-terastallize|p1a: Breloom|Rock
|move|p2a: Arbok|Coil|p2a: Arbok
|-boost|p2a: Arbok|atk|1
|-boost|p2a: Arbok|def|1
|-boost|p2a: Arbok|accuracy|1
|move|p1a: Breloom|Rock Tomb|p2a: Arbok
|-crit|p2a: Arbok
|-damage|p2a: Arbok|0 fnt
|faint|p2a: Arbok
|-damage|p1a: Breloom|189/235|[from] item: Life Orb
|
|upkeep
|
|t:|1776973995
|switch|p2a: Phione|Phione, L91|293/293
|turn|4
|
|t:|1776974000
|move|p2a: Phione|Scald|p1a: Breloom
|-supereffective|p1a: Breloom
|-damage|p1a: Breloom|0 fnt
|faint|p1a: Breloom
|
|upkeep
|
|t:|1776974006
|switch|p1a: Scizor|Scizor, L79, M|240/240
|-activate|p1a: Scizor|move: Sticky Web
|-unboost|p1a: Scizor|spe|1
|-damage|p1a: Scizor|210/240|[from] Stealth Rock
|turn|5
|
|t:|1776974025
|move|p2a: Phione|Take Heart|p2a: Phione
|-boost|p2a: Phione|spa|1
|-boost|p2a: Phione|spd|1
|move|p1a: Scizor|Defog|p2a: Phione
|-unboost|p2a: Phione|evasion|1
|-sideend|p1: manishramanak|Stealth Rock|[from] move: Defog|[of] p1a: Scizor
|-sideend|p1: manishramanak|Sticky Web|[from] move: Defog|[of] p1a: Scizor
|
|-heal|p1a: Scizor|225/240|[from] item: Leftovers
|upkeep
|turn|6
|
|t:|1776974046
|move|p2a: Phione|Scald|p1a: Scizor
|-damage|p1a: Scizor|83/240
|-status|p1a: Scizor|brn
|move|p1a: Scizor|Knock Off|p2a: Phione
|-damage|p2a: Phione|254/293
|-enditem|p2a: Phione|Leftovers|[from] move: Knock Off|[of] p1a: Scizor
|
|-heal|p1a: Scizor|98/240 brn|[from] item: Leftovers
|-damage|p1a: Scizor|83/240 brn|[from] brn
|upkeep
|turn|7
|
|t:|1776974055
|move|p2a: Phione|Scald|p1a: Scizor
|-damage|p1a: Scizor|0 fnt
|faint|p1a: Scizor
|
|upkeep
|
|t:|1776974080
|switch|p1a: Flapple|Flapple, L88, F|266/266
|turn|8
|
|t:|1776974091
|move|p2a: Phione|Ice Beam|p1a: Flapple
|-supereffective|p1a: Flapple
|-damage|p1a: Flapple|0 fnt
|faint|p1a: Flapple
|
|upkeep
|
|t:|1776974103
|switch|p1a: Golem|Golem, L87, M|281/281
|turn|9
|
|t:|1776974122
|move|p2a: Phione|Scald|p1a: Golem
|-supereffective|p1a: Golem
|-ability|p1a: Golem|Sturdy
|-damage|p1a: Golem|1/281
|move|p1a: Golem|Explosion|p2a: Phione
|-damage|p2a: Phione|19/293
|faint|p1a: Golem
|
|upkeep
|
|t:|1776974131
|switch|p1a: Dugtrio|Dugtrio-Alola, L84, M|196/196
|turn|10
|
|t:|1776974142
|move|p1a: Dugtrio|Earthquake|p2a: Phione
|-damage|p2a: Phione|0 fnt
|faint|p2a: Phione
|
|upkeep
|
|t:|1776974149
|switch|p2a: Tentacruel|Tentacruel, L84, M|272/272
|turn|11
|
|t:|1776974173
|move|p1a: Dugtrio|Earthquake|p2a: Tentacruel
|-supereffective|p2a: Tentacruel
|-damage|p2a: Tentacruel|0 fnt
|faint|p2a: Tentacruel
|
|upkeep
|
|t:|1776974183
|switch|p2a: Spectrier|Spectrier, L75|274/274
|turn|12
|inactive|fanacso has 120 seconds left.
|
|t:|1776974199
|move|p2a: Spectrier|Will-O-Wisp|p1a: Dugtrio
|-status|p1a: Dugtrio|brn
|move|p1a: Dugtrio|Earthquake|p2a: Spectrier
|-damage|p2a: Spectrier|162/274
|
|-damage|p1a: Dugtrio|184/196 brn|[from] brn
|upkeep
|turn|13
|
|t:|1776974204
|move|p2a: Spectrier|Shadow Ball|p1a: Dugtrio
|-damage|p1a: Dugtrio|48/196 brn
|-damage|p2a: Spectrier|135/274|[from] item: Life Orb
|move|p1a: Dugtrio|Earthquake|p2a: Spectrier
|-damage|p2a: Spectrier|9/274
|
|-damage|p1a: Dugtrio|36/196 brn|[from] brn
|upkeep
|turn|14
|
|t:|1776974208
|move|p2a: Spectrier|Shadow Ball|p1a: Dugtrio
|-damage|p1a: Dugtrio|0 fnt
|faint|p1a: Dugtrio
|-ability|p2a: Spectrier|Grim Neigh|boost
|-boost|p2a: Spectrier|spa|1
|-damage|p2a: Spectrier|0 fnt|[from] item: Life Orb
|faint|p2a: Spectrier
|
|upkeep
|
|t:|1776974214
|switch|p2a: Jolteon|Jolteon, L84, F|246/246
|switch|p1a: Florges|Florges-Orange, L85, F|271/271
|turn|15
|
|t:|1776974224
|move|p2a: Jolteon|Calm Mind|p2a: Jolteon
|-boost|p2a: Jolteon|spa|1
|-boost|p2a: Jolteon|spd|1
|move|p1a: Florges|Calm Mind|p1a: Florges
|-boost|p1a: Florges|spa|1
|-boost|p1a: Florges|spd|1
|
|upkeep
|turn|16
|
|t:|1776974233
|move|p2a: Jolteon|Shadow Ball|p1a: Florges
|-damage|p1a: Florges|219/271
|-damage|p2a: Jolteon|222/246|[from] item: Life Orb
|move|p1a: Florges|Calm Mind|p1a: Florges
|-boost|p1a: Florges|spa|1
|-boost|p1a: Florges|spd|1
|
|-heal|p1a: Florges|235/271|[from] item: Leftovers
|upkeep
|turn|17
|
|t:|1776974243
|move|p2a: Jolteon|Thunderbolt|p1a: Florges
|-damage|p1a: Florges|171/271
|-status|p1a: Florges|par
|-damage|p2a: Jolteon|198/246|[from] item: Life Orb
|move|p1a: Florges|Calm Mind|p1a: Florges
|-boost|p1a: Florges|spa|1
|-boost|p1a: Florges|spd|1
|
|-heal|p1a: Florges|187/271 par|[from] item: Leftovers
|upkeep
|turn|18
|
|t:|1776974251
|move|p2a: Jolteon|Calm Mind|p2a: Jolteon
|-boost|p2a: Jolteon|spa|1
|-boost|p2a: Jolteon|spd|1
|move|p1a: Florges|Calm Mind|p1a: Florges
|-boost|p1a: Florges|spa|1
|-boost|p1a: Florges|spd|1
|
|-heal|p1a: Florges|203/271 par|[from] item: Leftovers
|upkeep
|turn|19
|
|t:|1776974253
|move|p2a: Jolteon|Calm Mind|p2a: Jolteon
|-boost|p2a: Jolteon|spa|1
|-boost|p2a: Jolteon|spd|1
|cant|p1a: Florges|par
|
|-heal|p1a: Florges|219/271 par|[from] item: Leftovers
|upkeep
|turn|20
|
|t:|1776974258
|move|p2a: Jolteon|Shadow Ball|p1a: Florges
|-damage|p1a: Florges|174/271 par
|-damage|p2a: Jolteon|174/246|[from] item: Life Orb
|move|p1a: Florges|Calm Mind|p1a: Florges
|-boost|p1a: Florges|spa|1
|-boost|p1a: Florges|spd|1
|
|-heal|p1a: Florges|190/271 par|[from] item: Leftovers
|upkeep
|turn|21
|
|t:|1776974267
|move|p2a: Jolteon|Calm Mind|p2a: Jolteon
|-boost|p2a: Jolteon|spa|1
|-boost|p2a: Jolteon|spd|1
|cant|p1a: Florges|par
|
|-heal|p1a: Florges|206/271 par|[from] item: Leftovers
|upkeep
|turn|22
|
|t:|1776974270
|move|p2a: Jolteon|Calm Mind|p2a: Jolteon
|-boost|p2a: Jolteon|spa|1
|-boost|p2a: Jolteon|spd|1
|move|p1a: Florges|Calm Mind|p1a: Florges
|-boost|p1a: Florges|spa|1
|-boost|p1a: Florges|spd|1
|
|-heal|p1a: Florges|222/271 par|[from] item: Leftovers
|upkeep
|turn|23
|
|t:|1776974273
|move|p2a: Jolteon|Calm Mind|p2a: Jolteon
|-boost|p2a: Jolteon|spa|1
|-boost|p2a: Jolteon|spd|1
|move|p1a: Florges|Moonblast|p2a: Jolteon
|-damage|p2a: Jolteon|71/246
|
|-heal|p1a: Florges|238/271 par|[from] item: Leftovers
|upkeep
|turn|24
|
|t:|1776974279
|move|p2a: Jolteon|Thunderbolt|p1a: Florges
|-damage|p1a: Florges|152/271 par
|-damage|p2a: Jolteon|47/246|[from] item: Life Orb
|move|p1a: Florges|Moonblast|p2a: Jolteon
|-damage|p2a: Jolteon|0 fnt
|faint|p2a: Jolteon
|
|win|manishramanak
|raw|manishramanak's rating: 1441 &rarr; <strong>1458</strong><br />(+17 for winning)
|raw|fanacso's rating: 1394 &rarr; <strong>1377</strong><br />(-17 for losing)
|l|☆fanacso
|player|p2|
