|j|☆blakula22
|j|☆twistyrich
|t:|1776969647
|gametype|singles
|player|p1|blakula22|giovanni|1110
|player|p2|twistyrich|lucas|1097
|gen|9
|tier|[Gen 9] Random Battle
|rated|
|rule|Species Clause: Limit one of each Pokémon
|rule|HP Percentage Mod: HP is shown in percentages
|rule|Sleep Clause Mod: Limit one foe put to sleep
|rule|Illusion Level Mod: Illusion disguises the Pokémon's true level
|
|t:|1776969647
|teamsize|p1|6
|teamsize|p2|6
|start
|switch|p1a: Gouging Fire|Gouging Fire, L74|277/277
|switch|p2a: Arceus|Arceus-Ghost, L69|280/280
|turn|1
|inactive|Battle timer is ON: inactive players will automatically lose when time's up. (requested by twistyrich)
|inactive|blakula22 also wants the timer to be on.
|
|t:|1776969659
|move|p2a: Arceus|Calm Mind|p2a: Arceus
|-boost|p2a: Arceus|spa|1
|-boost|p2a: Arceus|spd|1
|move|p1a: Gouging Fire|Dragon Dance|p1a: Gouging Fire
|-boost|p1a: Gouging Fire|atk|1
|-boost|p1a: Gouging Fire|spe|1
|
|upkeep
|turn|2
|
|t:|1776969678
|move|p1a: Gouging Fire|Outrage|p2a: Arceus
|-damage|p2a: Arceus|120/280
|move|p2a: Arceus|Judgment|p1a: Gouging Fire
|-damage|p1a: Gouging Fire|123/277
|
|upkeep
|turn|3
|
|t:|1776969685
|move|p1a: Gouging Fire|Outrage|p2a: Arceus|[from] lockedmove
|-damage|p2a: Arceus|0 fnt
|faint|p2a: Arceus
|-start|p1a: Gouging Fire|confusion|[fatigue]
|
|upkeep
|
|t:|1776969695
|switch|p2a: Miraidon|Miraidon, L65|238/238
|-fieldstart|move: Electric Terrain|[from] ability: Hadron Engine|[of] p2a: Miraidon
|turn|4
|
|t:|1776969709
|-activate|p1a: Gouging Fire|confusion
|move|p1a: Gouging Fire|Outrage|p2a: Miraidon
|-supereffective|p2a: Miraidon
|-damage|p2a: Miraidon|0 fnt
|faint|p2a: Miraidon
|
|upkeep
|
|t:|1776969723
|switch|p2a: Talonflame|Talonflame, L83, M|265/265
|turn|5
|
|t:|1776969728
|-activate|p1a: Gouging Fire|confusion
|-damage|p1a: Gouging Fire|89/277|[from] confusion
|move|p2a: Talonflame|Brave Bird|p1a: Gouging Fire
|-damage|p1a: Gouging Fire|0 fnt
|faint|p1a: Gouging Fire
|-end|p1a: Gouging Fire|Protosynthesis|[silent]
|-damage|p2a: Talonflame|236/265|[from] Recoil
|
|upkeep
|
|t:|1776969737
|switch|p1a: Groudon|Groudon, L72|263/263
|-weather|SunnyDay|[from] ability: Drought|[of] p1a: Groudon
|turn|6
|
|t:|1776969754
|move|p2a: Talonflame|Brave Bird|p1a: Groudon
|-crit|p1a: Groudon
|-damage|p1a: Groudon|137/263
|-damage|p2a: Talonflame|194/265|[from] Recoil
|move|p1a: Groudon|Stone Edge|p2a: Talonflame
|-supereffective|p2a: Talonflame
|-damage|p2a: Talonflame|0 fnt
|faint|p2a: Talonflame
|
|-weather|SunnyDay|[upkeep]
|-heal|p1a: Groudon|153/263|[from] item: Leftovers
|upkeep
|
|t:|1776969766
|switch|p2a: Bellossom|Bellossom, L84, M|263/263
|turn|7
|
|t:|1776969772
|move|p2a: Bellossom|Giga Drain|p1a: Groudon
|-supereffective|p1a: Groudon
|-damage|p1a: Groudon|0 fnt
|faint|p1a: Groudon
|
|-weather|SunnyDay|[upkeep]
|upkeep
|
|t:|1776969776
|switch|p1a: Emboar|Emboar, L84, F|322/322
|turn|8
|
|t:|1776969781
|move|p2a: Bellossom|Quiver Dance|p2a: Bellossom
|-boost|p2a: Bellossom|spa|1
|-boost|p2a: Bellossom|spd|1
|-boost|p2a: Bellossom|spe|1
|move|p1a: Emboar|Flare Blitz|p2a: Bellossom
|-supereffective|p2a: Bellossom
|-damage|p2a: Bellossom|0 fnt
|faint|p2a: Bellossom
|-damage|p1a: Emboar|235/322|[from] Recoil
|
|-weather|SunnyDay|[upkeep]
|-fieldend|move: Electric Terrain
|upkeep
|
|t:|1776969794
|switch|p2a: Bisharp|Bisharp, L79, M|232/232
|turn|9
|
|t:|1776969803
|move|p2a: Bisharp|Sucker Punch|p1a: Emboar
|-resisted|p1a: Emboar
|-damage|p1a: Emboar|189/322
|move|p1a: Emboar|Flare Blitz|p2a: Bisharp
|-supereffective|p2a: Bisharp
|-damage|p2a: Bisharp|0 fnt
|faint|p2a: Bisharp
|-damage|p1a: Emboar|112/322|[from] Recoil
|
|-weather|SunnyDay|[upkeep]
|upkeep
|
|t:|1776969811
|switch|p2a: Scizor|Scizor, L79, F|240/240
|turn|10
|
|t:|1776969816
|move|p1a: Emboar|Flare Blitz|p2a: Scizor
|-supereffective|p2a: Scizor
|-damage|p2a: Scizor|0 fnt
|faint|p2a: Scizor
|-damage|p1a: Emboar|33/322|[from] Recoil
|
|win|blakula22
|raw|blakula22's rating: 1110 &rarr; <strong>1134</strong><br />(+24 for winning)
|raw|twistyrich's rating: 1097 &rarr; <strong>1073</strong><br />(-24 for losing)
