|j|☆Dr.0gadict0
|j|☆RyuuLionBestGirl
|t:|1772747548
|gametype|singles
|player|p1|Dr.0gadict0|102|1463
|player|p2|RyuuLionBestGirl|swimmerf|1517
|gen|9
|tier|[Gen 9] Random Battle
|rated|
|rule|Species Clause: Limit one of each Pokémon
|rule|HP Percentage Mod: HP is shown in percentages
|rule|Sleep Clause Mod: Limit one foe put to sleep
|rule|Illusion Level Mod: Illusion disguises the Pokémon's true level
|
|t:|1772747548
|teamsize|p1|6
|teamsize|p2|6
|start
|switch|p1a: Milotic|Milotic, L83, F|293/293
|switch|p2a: Froslass|Froslass, L87, F|263/263
|turn|1
|inactive|Battle timer is ON: inactive players will automatically lose when time's up. (requested by RyuuLionBestGirl)
|
|t:|1772747574
|move|p2a: Froslass|Taunt|p1a: Milotic
|-start|p1a: Milotic|move: Taunt
|move|p1a: Milotic|Scald|p2a: Froslass
|-damage|p2a: Froslass|164/263
|-start|p1a: Milotic|Disable|Scald|[from] ability: Cursed Body|[of] p2a: Froslass
|
|upkeep
|turn|2
|
|t:|1772747593
|switch|p1a: Revavroom|Revavroom, L79, M|256/256
|move|p2a: Froslass|Poltergeist|p1a: Revavroom
|-activate|p1a: Revavroom|move: Poltergeist|Life Orb
|-damage|p1a: Revavroom|138/256
|
|upkeep
|turn|3
|
|t:|1772747600
|move|p2a: Froslass|Will-O-Wisp|p1a: Revavroom
|-status|p1a: Revavroom|brn
|move|p1a: Revavroom|Iron Head|p2a: Froslass
|-supereffective|p2a: Froslass
|-damage|p2a: Froslass|35/263
|-damage|p1a: Revavroom|113/256 brn|[from] item: Life Orb
|
|-damage|p1a: Revavroom|97/256 brn|[from] brn
|upkeep
|turn|4
|
|t:|1772747610
|move|p2a: Froslass|Poltergeist|p1a: Revavroom
|-activate|p1a: Revavroom|move: Poltergeist|Life Orb
|-damage|p1a: Revavroom|0 fnt
|faint|p1a: Revavroom
|
|upkeep
|
|t:|1772747616
|switch|p1a: Mimikyu|Mimikyu, L79, M|216/216
|turn|5
|
|t:|1772747619
|move|p1a: Mimikyu|Shadow Sneak|p2a: Froslass
|-supereffective|p2a: Froslass
|-damage|p2a: Froslass|0 fnt
|-start|p1a: Mimikyu|Disable|Shadow Sneak|[from] ability: Cursed Body|[of] p2a: Froslass
|faint|p2a: Froslass
|-damage|p1a: Mimikyu|195/216|[from] item: Life Orb
|
|upkeep
|
|t:|1772747628
|switch|p2a: Dodrio|Dodrio, L85, M|241/241
|turn|6
|
|t:|1772747640
|move|p2a: Dodrio|Knock Off|p1a: Mimikyu
|-activate|p1a: Mimikyu|ability: Disguise
|-damage|p1a: Mimikyu|195/216
|-enditem|p1a: Mimikyu|Life Orb|[from] move: Knock Off|[of] p2a: Dodrio
|detailschange|p1a: Mimikyu|Mimikyu-Busted, L79, M
|-damage|p1a: Mimikyu|168/216|[from] pokemon: Mimikyu-Busted
|move|p1a: Mimikyu|Play Rough|p2a: Dodrio
|-damage|p2a: Dodrio|139/241
|
|upkeep
|turn|7
|
|t:|1772747652
|move|p2a: Dodrio|Knock Off|p1a: Mimikyu
|-damage|p1a: Mimikyu|71/216
|move|p1a: Mimikyu|Drain Punch|p2a: Dodrio
|-damage|p2a: Dodrio|89/241
|-heal|p1a: Mimikyu|96/216|[from] drain|[of] p2a: Dodrio
|
|upkeep
|turn|8
|
|t:|1772747660
|move|p2a: Dodrio|Knock Off|p1a: Mimikyu
|-damage|p1a: Mimikyu|9/216
|move|p1a: Mimikyu|Play Rough|p2a: Dodrio
|-damage|p2a: Dodrio|0 fnt
|faint|p2a: Dodrio
|
|-end|p1a: Mimikyu|Disable
|upkeep
|c|☆RyuuLionBestGirl|5% roll
|c|☆RyuuLionBestGirl|ok
|
|t:|1772747676
|switch|p2a: Jumpluff|Jumpluff, L87, M|271/271
|turn|9
|
|t:|1772747683
|move|p1a: Mimikyu|Shadow Sneak|p2a: Jumpluff
|-damage|p2a: Jumpluff|234/271
|move|p2a: Jumpluff|Acrobatics|p1a: Mimikyu
|-damage|p1a: Mimikyu|0 fnt
|faint|p1a: Mimikyu
|
|upkeep
|
|t:|1772747690
|switch|p1a: Pawmot|Pawmot, L80, M|243/243
|turn|10
|
|t:|1772747700
|switch|p1a: Milotic|Milotic, L83, F|293/293
|move|p2a: Jumpluff|Substitute|p2a: Jumpluff
|-start|p2a: Jumpluff|Substitute
|-damage|p2a: Jumpluff|167/271
|
|upkeep
|turn|11
|
|t:|1772747706
|move|p2a: Jumpluff|Leech Seed|p1a: Milotic
|-start|p1a: Milotic|move: Leech Seed
|move|p1a: Milotic|Ice Beam|p2a: Jumpluff
|-supereffective|p2a: Jumpluff
|-end|p2a: Jumpluff|Substitute
|
|-damage|p1a: Milotic|257/293|[from] Leech Seed|[of] p2a: Jumpluff
|-heal|p2a: Jumpluff|203/271|[silent]
|upkeep
|turn|12
|
|t:|1772747713
|switch|p1a: Pawmot|Pawmot, L80, M|243/243
|move|p2a: Jumpluff|Substitute|p2a: Jumpluff
|-start|p2a: Jumpluff|Substitute
|-damage|p2a: Jumpluff|136/271
|
|upkeep
|turn|13
|
|t:|1772747736
|-terastallize|p1a: Pawmot|Electric
|move|p2a: Jumpluff|Acrobatics|p1a: Pawmot
|-resisted|p1a: Pawmot
|-damage|p1a: Pawmot|197/243
|move|p1a: Pawmot|Nuzzle|p2a: Jumpluff
|-end|p2a: Jumpluff|Substitute
|
|upkeep
|turn|14
|
|t:|1772747750
|move|p2a: Jumpluff|Substitute|p2a: Jumpluff
|-start|p2a: Jumpluff|Substitute
|-damage|p2a: Jumpluff|69/271
|move|p1a: Pawmot|Nuzzle|p2a: Jumpluff
|-end|p2a: Jumpluff|Substitute
|
|upkeep
|turn|15
|
|t:|1772747755
|move|p2a: Jumpluff|Strength Sap|p1a: Pawmot
|-unboost|p1a: Pawmot|atk|1
|-heal|p2a: Jumpluff|271/271
|move|p1a: Pawmot|Nuzzle|p2a: Jumpluff
|-damage|p2a: Jumpluff|199/271
|-status|p2a: Jumpluff|par
|
|upkeep
|turn|16
|
|t:|1772747767
|move|p1a: Pawmot|Double Shock|p2a: Jumpluff
|-damage|p2a: Jumpluff|69/271 par
|-start|p1a: Pawmot|typechange|Electric|[from] move: Double Shock
|move|p2a: Jumpluff|Leech Seed|p1a: Pawmot
|-start|p1a: Pawmot|move: Leech Seed
|
|-damage|p1a: Pawmot|167/243|[from] Leech Seed|[of] p2a: Jumpluff
|-heal|p2a: Jumpluff|99/271 par|[silent]
|upkeep
|turn|17
|
|t:|1772747775
|move|p1a: Pawmot|Double Shock|p2a: Jumpluff
|-damage|p2a: Jumpluff|0 fnt
|-start|p1a: Pawmot|typechange|Electric|[from] move: Double Shock
|faint|p2a: Jumpluff
|
|upkeep
|
|t:|1772747780
|switch|p2a: Conkeldurr|Conkeldurr, L80, M|299/299
|turn|18
|
|t:|1772747794
|switch|p1a: Vileplume|Vileplume, L85, F|266/266
|move|p2a: Conkeldurr|Knock Off|p1a: Vileplume
|-damage|p1a: Vileplume|173/266
|-enditem|p1a: Vileplume|Leftovers|[from] move: Knock Off|[of] p2a: Conkeldurr
|
|-status|p2a: Conkeldurr|brn|[from] item: Flame Orb
|upkeep
|turn|19
|
|t:|1772747804
|move|p1a: Vileplume|Strength Sap|p2a: Conkeldurr
|-unboost|p2a: Conkeldurr|atk|1
|-heal|p1a: Vileplume|266/266
|move|p2a: Conkeldurr|Facade|p1a: Vileplume
|-damage|p1a: Vileplume|149/266
|
|-damage|p2a: Conkeldurr|281/299 brn|[from] brn
|upkeep
|turn|20
|
|t:|1772747814
|switch|p2a: Duraludon|Duraludon, L82, M|249/249
|move|p1a: Vileplume|Leech Seed|p2a: Duraludon
|-start|p2a: Duraludon|move: Leech Seed
|
|-damage|p2a: Duraludon|218/249|[from] Leech Seed|[of] p1a: Vileplume
|-heal|p1a: Vileplume|180/266|[silent]
|upkeep
|turn|21
|
|t:|1772747824
|switch|p1a: Scizor|Scizor, L79, M|240/240
|move|p2a: Duraludon|Flash Cannon|p1a: Scizor
|-resisted|p1a: Scizor
|-damage|p1a: Scizor|183/240
|
|-damage|p2a: Duraludon|187/249|[from] Leech Seed|[of] p1a: Scizor
|-heal|p1a: Scizor|214/240|[silent]
|upkeep
|turn|22
|
|t:|1772747832
|move|p2a: Duraludon|Body Press|p1a: Scizor
|-damage|p1a: Scizor|152/240
|move|p1a: Scizor|Knock Off|p2a: Duraludon
|-damage|p2a: Duraludon|131/249
|-enditem|p2a: Duraludon|Eviolite|[from] move: Knock Off|[of] p1a: Scizor
|-damage|p1a: Scizor|128/240|[from] item: Life Orb
|
|-damage|p2a: Duraludon|100/249|[from] Leech Seed|[of] p1a: Scizor
|-heal|p1a: Scizor|159/240|[silent]
|upkeep
|turn|23
|
|t:|1772747852
|move|p2a: Duraludon|Stealth Rock|p1a: Scizor
|-sidestart|p1: Dr.0gadict0|move: Stealth Rock
|move|p1a: Scizor|Swords Dance|p1a: Scizor
|-boost|p1a: Scizor|atk|2
|
|-damage|p2a: Duraludon|69/249|[from] Leech Seed|[of] p1a: Scizor
|-heal|p1a: Scizor|190/240|[silent]
|upkeep
|turn|24
|
|t:|1772747858
|move|p2a: Duraludon|Body Press|p1a: Scizor
|-damage|p1a: Scizor|134/240
|move|p1a: Scizor|Swords Dance|p1a: Scizor
|-boost|p1a: Scizor|atk|2
|
|-damage|p2a: Duraludon|38/249|[from] Leech Seed|[of] p1a: Scizor
|-heal|p1a: Scizor|165/240|[silent]
|upkeep
|turn|25
|
|t:|1772747866
|move|p1a: Scizor|Bullet Punch|p2a: Duraludon
|-resisted|p2a: Duraludon
|-damage|p2a: Duraludon|0 fnt
|faint|p2a: Duraludon
|-damage|p1a: Scizor|141/240|[from] item: Life Orb
|
|upkeep
|c|☆RyuuLionBestGirl|widerwärtigerkleinerdreckjude
|
|t:|1772747876
|switch|p2a: Conkeldurr|Conkeldurr, L80, M|281/299 brn
|turn|26
|
|t:|1772747880
|move|p1a: Scizor|Bullet Punch|p2a: Conkeldurr
|-crit|p2a: Conkeldurr
|-damage|p2a: Conkeldurr|0 fnt
|faint|p2a: Conkeldurr
|-damage|p1a: Scizor|117/240|[from] item: Life Orb
|
|upkeep
|l|☆RyuuLionBestGirl
|inactive|RyuuLionBestGirl disconnected and has a minute to reconnect!
|player|p2|
|inactive|RyuuLionBestGirl has 30 seconds to reconnect!
|inactive|RyuuLionBestGirl has 20 seconds to reconnect!
|inactive|RyuuLionBestGirl has 15 seconds to reconnect!
|inactive|RyuuLionBestGirl has 10 seconds to reconnect!
|inactive|RyuuLionBestGirl has 5 seconds to reconnect!
|-message|RyuuLionBestGirl lost due to inactivity.
|
|win|Dr.0gadict0
