|j|☆Truky
|j|☆magicuser618
|t:|1776969543
|gametype|singles
|player|p1|Truky|marnie|
|player|p2|magicuser618|volo|
|gen|9
|tier|[Gen 9] Random Battle
|rule|Species Clause: Limit one of each Pokémon
|rule|HP Percentage Mod: HP is shown in percentages
|rule|Sleep Clause Mod: Limit one foe put to sleep
|rule|Illusion Level Mod: Illusion disguises the Pokémon's true level
|
|t:|1776969543
|teamsize|p1|6
|teamsize|p2|6
|start
|switch|p1a: Flygon|Flygon, L82, F|265/265
|switch|p2a: Excadrill|Excadrill, L79, M|303/303
|-ability|p2a: Excadrill|Mold Breaker
|turn|1
|inactive|Battle timer is ON: inactive players will automatically lose when time's up. (requested by magicuser618)
|c|☆magicuser618|gurt
|c|☆Truky|yo
|c|☆magicuser618|gurt yo
|
|t:|1776969560
|switch|p2a: Mightyena|Mightyena, L96, F|290/290
|-ability|p2a: Mightyena|Intimidate|boost
|-unboost|p1a: Flygon|atk|1
|move|p1a: Flygon|Dragon Dance|p1a: Flygon
|-boost|p1a: Flygon|atk|1
|-boost|p1a: Flygon|spe|1
|
|upkeep
|turn|2
|
|t:|1776969566
|move|p1a: Flygon|Earthquake|p2a: Mightyena
|-damage|p2a: Mightyena|191/290
|move|p2a: Mightyena|Play Rough|p1a: Flygon
|-supereffective|p1a: Flygon
|-damage|p1a: Flygon|89/265
|
|upkeep
|turn|3
|c|☆Truky|gulp
|
|t:|1776969574
|move|p1a: Flygon|Outrage|p2a: Mightyena
|-damage|p2a: Mightyena|67/290
|move|p2a: Mightyena|Play Rough|p1a: Flygon|[miss]
|-miss|p2a: Mightyena|p1a: Flygon
|
|upkeep
|turn|4
|
|t:|1776969579
|move|p1a: Flygon|Outrage|p2a: Mightyena|[from] lockedmove
|-damage|p2a: Mightyena|0 fnt
|faint|p2a: Mightyena
|
|upkeep
|c|☆Truky|wait
|c|☆Truky|HES GOATED?!
|
|t:|1776969587
|switch|p2a: Excadrill|Excadrill, L79, M|303/303
|-ability|p2a: Excadrill|Mold Breaker
|turn|5
|
|t:|1776969590
|move|p1a: Flygon|Outrage|p2a: Excadrill|[from] lockedmove
|-resisted|p2a: Excadrill
|-damage|p2a: Excadrill|217/303
|-start|p1a: Flygon|confusion|[fatigue]
|-enditem|p1a: Flygon|Lum Berry|[eat]
|-end|p1a: Flygon|confusion
|move|p2a: Excadrill|Rapid Spin|p1a: Flygon
|-damage|p1a: Flygon|46/265
|-boost|p2a: Excadrill|spe|1
|
|-heal|p2a: Excadrill|235/303|[from] item: Leftovers
|upkeep
|turn|6
|
|t:|1776969619
|move|p1a: Flygon|Earthquake|p2a: Excadrill
|-supereffective|p2a: Excadrill
|-damage|p2a: Excadrill|0 fnt
|faint|p2a: Excadrill
|
|upkeep
|
|t:|1776969623
|switch|p2a: Dusknoir|Dusknoir, L89, F|225/225
|turn|7
|c|☆Truky|FLYGON?!
|c|☆Truky|OH MY GOD?
|
|t:|1776969633
|move|p1a: Flygon|Stone Edge|p2a: Dusknoir
|-damage|p2a: Dusknoir|179/225
|move|p2a: Dusknoir|Poltergeist||[still]
|-fail|p2a: Dusknoir
|
|-heal|p2a: Dusknoir|193/225|[from] item: Leftovers
|upkeep
|turn|8
|c|☆Truky|my opp is fucking stupid
|inactive|magicuser618 has 270 seconds left.
|j| Eren614
|
|t:|1776969665
|move|p1a: Flygon|Outrage|p2a: Dusknoir
|-damage|p2a: Dusknoir|114/225
|move|p2a: Dusknoir|Substitute|p2a: Dusknoir
|-start|p2a: Dusknoir|Substitute
|-damage|p2a: Dusknoir|58/225
|
|-heal|p2a: Dusknoir|72/225|[from] item: Leftovers
|upkeep
|turn|9
|
|t:|1776969673
|-singleturn|p2a: Dusknoir|move: Focus Punch
|move|p1a: Flygon|Outrage|p2a: Dusknoir|[from] lockedmove
|-end|p2a: Dusknoir|Substitute
|move|p2a: Dusknoir|Focus Punch|p1a: Flygon
|-damage|p1a: Flygon|0 fnt
|faint|p1a: Flygon
|
|-heal|p2a: Dusknoir|86/225|[from] item: Leftovers
|upkeep
|c|☆magicuser618|nahm
|c|☆magicuser618|nahm
|c|☆magicuser618|nah, id win
|
|t:|1776969689
|switch|p1a: Umbreon|Umbreon, L84, M|297/297
|turn|10
|c|☆Truky|idk man 2 for 1 is pretty goooddd
|
|t:|1776969697
|move|p1a: Umbreon|Foul Play|p2a: Dusknoir
|-supereffective|p2a: Dusknoir
|-damage|p2a: Dusknoir|0 fnt
|faint|p2a: Dusknoir
|
|upkeep
|
|t:|1776969704
|switch|p2a: Ampharos|Ampharos, L88, M|302/302
|turn|11
|
|t:|1776969709
|move|p1a: Umbreon|Toxic|p2a: Ampharos
|-status|p2a: Ampharos|tox
|move|p2a: Ampharos|Dazzling Gleam|p1a: Umbreon
|-supereffective|p1a: Umbreon
|-damage|p1a: Umbreon|193/297
|
|-heal|p1a: Umbreon|211/297|[from] item: Leftovers
|-damage|p2a: Ampharos|284/302 tox|[from] psn
|upkeep
|turn|12
|
|t:|1776969727
|move|p1a: Umbreon|Wish|p1a: Umbreon
|move|p2a: Ampharos|Dazzling Gleam|p1a: Umbreon
|-supereffective|p1a: Umbreon
|-crit|p1a: Umbreon
|-damage|p1a: Umbreon|37/297
|
|-heal|p1a: Umbreon|55/297|[from] item: Leftovers
|-damage|p2a: Ampharos|248/302 tox|[from] psn
|upkeep
|turn|13
|c|☆Truky|holy
|
|t:|1776969736
|move|p1a: Umbreon|Protect|p1a: Umbreon
|-singleturn|p1a: Umbreon|Protect
|move|p2a: Ampharos|Volt Switch|p1a: Umbreon
|-activate|p1a: Umbreon|move: Protect
|
|-heal|p1a: Umbreon|203/297|[from] move: Wish|[wisher] Umbreon
|-heal|p1a: Umbreon|221/297|[from] item: Leftovers
|-damage|p2a: Ampharos|194/302 tox|[from] psn
|upkeep
|turn|14
|
|t:|1776969746
|move|p1a: Umbreon|Wish|p1a: Umbreon
|move|p2a: Ampharos|Volt Switch|p1a: Umbreon
|-damage|p1a: Umbreon|155/297
|
|t:|1776969749
|switch|p2a: Gouging Fire|Gouging Fire, L74|277/277|[from] Volt Switch
|
|-heal|p1a: Umbreon|173/297|[from] item: Leftovers
|upkeep
|turn|15
|
|t:|1776969760
|move|p2a: Gouging Fire|Heat Crash|p1a: Umbreon
|-damage|p1a: Umbreon|83/297
|move|p1a: Umbreon|Toxic|p2a: Gouging Fire
|-status|p2a: Gouging Fire|tox
|
|-heal|p1a: Umbreon|231/297|[from] move: Wish|[wisher] Umbreon
|-heal|p1a: Umbreon|249/297|[from] item: Leftovers
|-damage|p2a: Gouging Fire|260/277 tox|[from] psn
|upkeep
|turn|16
|c|☆magicuser618|sigh
|c|☆Truky|umbreon is goated bro
|
|t:|1776969771
|move|p2a: Gouging Fire|Heat Crash|p1a: Umbreon
|-damage|p1a: Umbreon|158/297
|move|p1a: Umbreon|Foul Play|p2a: Gouging Fire
|-damage|p2a: Gouging Fire|172/277 tox
|
|-heal|p1a: Umbreon|176/297|[from] item: Leftovers
|-damage|p2a: Gouging Fire|138/277 tox|[from] psn
|upkeep
|turn|17
|c|☆Truky|i know from FIRST HAND experience
|c|☆magicuser618|did 1v1 mega ray
|
|t:|1776969779
|move|p2a: Gouging Fire|Heat Crash|p1a: Umbreon
|-damage|p1a: Umbreon|74/297
|move|p1a: Umbreon|Wish|p1a: Umbreon
|
|-heal|p1a: Umbreon|92/297|[from] item: Leftovers
|-damage|p2a: Gouging Fire|87/277 tox|[from] psn
|upkeep
|turn|18
|inactive|magicuser618 has 270 seconds left.
|
|t:|1776969822
|move|p1a: Umbreon|Protect|p1a: Umbreon
|-singleturn|p1a: Umbreon|Protect
|move|p2a: Gouging Fire|Heat Crash|p1a: Umbreon
|-activate|p1a: Umbreon|move: Protect
|
|-heal|p1a: Umbreon|240/297|[from] move: Wish|[wisher] Umbreon
|-heal|p1a: Umbreon|258/297|[from] item: Leftovers
|-damage|p2a: Gouging Fire|19/277 tox|[from] psn
|upkeep
|turn|19
|
|t:|1776969828
|move|p2a: Gouging Fire|Heat Crash|p1a: Umbreon
|-crit|p1a: Umbreon
|-damage|p1a: Umbreon|125/297
|move|p1a: Umbreon|Foul Play|p2a: Gouging Fire
|-damage|p2a: Gouging Fire|0 fnt
|faint|p2a: Gouging Fire
|-end|p2a: Gouging Fire|Protosynthesis|[silent]
|
|-heal|p1a: Umbreon|143/297|[from] item: Leftovers
|upkeep
|c|☆Truky|crit :(
|inactive|magicuser618 has 270 seconds left.
|c|☆Truky|wait bro got 2 crits
|c|☆Truky|wtf
|
|t:|1776969841
|switch|p2a: Ampharos|Ampharos, L88, M|194/302 tox
|turn|20
|
|t:|1776969845
|move|p1a: Umbreon|Wish|p1a: Umbreon
|move|p2a: Ampharos|Dazzling Gleam|p1a: Umbreon
|-supereffective|p1a: Umbreon
|-damage|p1a: Umbreon|41/297
|
|-heal|p1a: Umbreon|59/297|[from] item: Leftovers
|-damage|p2a: Ampharos|176/302 tox|[from] psn
|upkeep
|turn|21
|
|t:|1776969849
|move|p1a: Umbreon|Protect|p1a: Umbreon
|-singleturn|p1a: Umbreon|Protect
|move|p2a: Ampharos|Dazzling Gleam|p1a: Umbreon
|-activate|p1a: Umbreon|move: Protect
|
|-heal|p1a: Umbreon|207/297|[from] move: Wish|[wisher] Umbreon
|-heal|p1a: Umbreon|225/297|[from] item: Leftovers
|-damage|p2a: Ampharos|140/302 tox|[from] psn
|upkeep
|turn|22
|
|t:|1776969853
|move|p1a: Umbreon|Wish|p1a: Umbreon
|move|p2a: Ampharos|Dazzling Gleam|p1a: Umbreon
|-supereffective|p1a: Umbreon
|-damage|p1a: Umbreon|123/297
|
|-heal|p1a: Umbreon|141/297|[from] item: Leftovers
|-damage|p2a: Ampharos|86/302 tox|[from] psn
|upkeep
|turn|23
|
|t:|1776969857
|move|p1a: Umbreon|Protect|p1a: Umbreon
|-singleturn|p1a: Umbreon|Protect
|move|p2a: Ampharos|Dazzling Gleam|p1a: Umbreon
|-activate|p1a: Umbreon|move: Protect
|
|-heal|p1a: Umbreon|289/297|[from] move: Wish|[wisher] Umbreon
|-heal|p1a: Umbreon|297/297|[from] item: Leftovers
|-damage|p2a: Ampharos|14/302 tox|[from] psn
|upkeep
|turn|24
|
|t:|1776969867
|move|p1a: Umbreon|Wish|p1a: Umbreon
|move|p2a: Ampharos|Dazzling Gleam|p1a: Umbreon
|-supereffective|p1a: Umbreon
|-damage|p1a: Umbreon|197/297
|
|-heal|p1a: Umbreon|215/297|[from] item: Leftovers
|-damage|p2a: Ampharos|0 fnt|[from] psn
|faint|p2a: Ampharos
|upkeep
|c|☆Truky|what does bro have in the back??
|c|☆Truky|last respects?
|
|t:|1776969873
|switch|p2a: Manaphy|Manaphy, L78|284/284
|turn|25
|c|☆Truky|supreme overlord?
|c| Eren614|me when mankey
|c|☆Truky|MANAPHy?!
|c| Eren614|no manaphy
|c|☆magicuser618|RIBOMBEE
|c|☆Truky|gg ig
|
|t:|1776969900
|move|p2a: Manaphy|Tail Glow|p2a: Manaphy
|-boost|p2a: Manaphy|spa|3
|move|p1a: Umbreon|Toxic|p2a: Manaphy
|-status|p2a: Manaphy|tox
|
|-heal|p1a: Umbreon|297/297|[from] move: Wish|[wisher] Umbreon
|-damage|p2a: Manaphy|267/284 tox|[from] psn
|upkeep
|turn|26
|c|☆magicuser618|yk
|c|☆Truky|umbreon 4v1ing was not on my 2026 bucket list
|c|☆magicuser618|you can miss toxic
|inactive|magicuser618 has 270 seconds left.
|c|☆Truky|nah
|c|☆Truky|i dont think so
|c| Eren614|any day now
|inactive|magicuser618 has 240 seconds left.
|c|☆Truky|fr
|
|t:|1776969962
|move|p2a: Manaphy|Hydro Pump|p1a: Umbreon
|-damage|p1a: Umbreon|114/297
|move|p1a: Umbreon|Wish|p1a: Umbreon
|
|-heal|p2a: Manaphy|284/284 tox|[from] item: Leftovers
|-heal|p1a: Umbreon|132/297|[from] item: Leftovers
|-damage|p2a: Manaphy|250/284 tox|[from] psn
|upkeep
|turn|27
|
|t:|1776969985
|move|p1a: Umbreon|Protect|p1a: Umbreon
|-singleturn|p1a: Umbreon|Protect
|move|p2a: Manaphy|Hydro Pump|p1a: Umbreon
|-activate|p1a: Umbreon|move: Protect
|
|-heal|p1a: Umbreon|280/297|[from] move: Wish|[wisher] Umbreon
|-heal|p2a: Manaphy|267/284 tox|[from] item: Leftovers
|-heal|p1a: Umbreon|297/297|[from] item: Leftovers
|-damage|p2a: Manaphy|216/284 tox|[from] psn
|upkeep
|turn|28
|
|t:|1776969992
|move|p2a: Manaphy|Energy Ball|p1a: Umbreon
|-damage|p1a: Umbreon|197/297
|move|p1a: Umbreon|Wish|p1a: Umbreon
|
|-heal|p2a: Manaphy|233/284 tox|[from] item: Leftovers
|-heal|p1a: Umbreon|215/297|[from] item: Leftovers
|-damage|p2a: Manaphy|165/284 tox|[from] psn
|upkeep
|turn|29
|c|☆Truky|???
|
|t:|1776969998
|move|p2a: Manaphy|Tail Glow|p2a: Manaphy
|-boost|p2a: Manaphy|spa|3
|move|p1a: Umbreon|Foul Play|p2a: Manaphy
|-damage|p2a: Manaphy|95/284 tox
|
|-heal|p1a: Umbreon|297/297|[from] move: Wish|[wisher] Umbreon
|-heal|p2a: Manaphy|112/284 tox|[from] item: Leftovers
|-damage|p2a: Manaphy|27/284 tox|[from] psn
|upkeep
|turn|30
|c|☆Truky|gg
|c|☆magicuser618|no
|
|t:|1776970005
|move|p1a: Umbreon|Protect|p1a: Umbreon
|-singleturn|p1a: Umbreon|Protect
|move|p2a: Manaphy|Hydro Pump|p1a: Umbreon
|-activate|p1a: Umbreon|move: Protect
|
|-heal|p2a: Manaphy|44/284 tox|[from] item: Leftovers
|-damage|p2a: Manaphy|0 fnt|[from] psn
|faint|p2a: Manaphy
|
|win|Truky
|l| Eren614
|l|☆Truky
|player|p1|
|j|☆Truky
|player|p1|Truky|marnie|
