|j|☆Rulitho
|j|☆Erizoh4
|t:|1776982903
|gametype|singles
|player|p1|Rulitho|hugh|
|player|p2|Erizoh4|roxie|
|gen|9
|tier|[Gen 9] Random Battle
|rule|Species Clause: Limit one of each Pokémon
|rule|HP Percentage Mod: HP is shown in percentages
|rule|Sleep Clause Mod: Limit one foe put to sleep
|rule|Illusion Level Mod: Illusion disguises the Pokémon's true level
|
|t:|1776982903
|teamsize|p1|6
|teamsize|p2|6
|start
|switch|p1a: Eelektross|Eelektross, L87, F|290/290
|switch|p2a: Golurk|Golurk, L87|297/297
|turn|1
|inactive|Battle timer is ON: inactive players will automatically lose when time's up. (requested by Rulitho)
|
|t:|1776982927
|move|p2a: Golurk|Poltergeist|p1a: Eelektross
|-activate|p1a: Eelektross|move: Poltergeist|Assault Vest
|-damage|p1a: Eelektross|47/290
|move|p1a: Eelektross|Giga Drain|p2a: Golurk
|-supereffective|p2a: Golurk
|-damage|p2a: Golurk|169/297
|-heal|p1a: Eelektross|111/290|[from] drain|[of] p2a: Golurk
|
|upkeep
|turn|2
|
|t:|1776982936
|switch|p1a: Bombirdier|Bombirdier, L85, M|258/258
|move|p2a: Golurk|Poltergeist|p1a: Bombirdier
|-activate|p1a: Bombirdier|move: Poltergeist|Heavy-Duty Boots
|-resisted|p1a: Bombirdier
|-damage|p1a: Bombirdier|153/258
|
|upkeep
|turn|3
|inactive|Erizoh4 has 270 seconds left.
|inactive|Erizoh4 has 240 seconds left.
|inactive|Erizoh4 has 210 seconds left.
|inactive|Erizoh4 has 180 seconds left.
|
|t:|1776983074
|switch|p2a: Samurott|Samurott-Hisui, L77, F|265/265
|move|p1a: Bombirdier|Knock Off|p2a: Samurott
|-resisted|p2a: Samurott
|-damage|p2a: Samurott|197/265
|-enditem|p2a: Samurott|Life Orb|[from] move: Knock Off|[of] p1a: Bombirdier
|
|upkeep
|turn|4
|
|t:|1776983085
|move|p1a: Bombirdier|U-turn|p2a: Samurott
|-supereffective|p2a: Samurott
|-damage|p2a: Samurott|77/265
|inactive|Rulitho has 270 seconds left.
|
|t:|1776983115
|switch|p1a: Ampharos|Ampharos, L88, M|302/302|[from] U-turn
|move|p2a: Samurott|Ceaseless Edge|p1a: Ampharos
|-damage|p1a: Ampharos|206/302
|-sidestart|p1: Rulitho|Spikes
|
|upkeep
|turn|5
|inactive|Rulitho has 270 seconds left.
|inactive|Erizoh4 has 180 seconds left.
|
|t:|1776983126
|switch|p2a: Golurk|Golurk, L87|169/297
|move|p1a: Ampharos|Thunderbolt|p2a: Golurk
|-immune|p2a: Golurk
|
|upkeep
|turn|6
|inactive|Erizoh4 has 180 seconds left.
|
|t:|1776983136
|switch|p1a: Bombirdier|Bombirdier, L85, M|153/258
|move|p2a: Golurk|Dynamic Punch|p1a: Bombirdier
|-damage|p1a: Bombirdier|3/258
|-start|p1a: Bombirdier|confusion
|
|upkeep
|turn|7
|inactive|Erizoh4 has 180 seconds left.
|
|t:|1776983156
|switch|p2a: Samurott|Samurott-Hisui, L77, F|77/265
|-activate|p1a: Bombirdier|confusion
|move|p1a: Bombirdier|Roost|p1a: Bombirdier
|-heal|p1a: Bombirdier|132/258
|-singleturn|p1a: Bombirdier|move: Roost
|
|upkeep
|turn|8
|
|t:|1776983164
|-activate|p1a: Bombirdier|confusion
|move|p1a: Bombirdier|Roost|p1a: Bombirdier
|-heal|p1a: Bombirdier|258/258
|-singleturn|p1a: Bombirdier|move: Roost
|move|p2a: Samurott|Razor Shell|p1a: Bombirdier
|-damage|p1a: Bombirdier|144/258
|
|upkeep
|turn|9
|inactive|Erizoh4 has 180 seconds left.
|
|t:|1776983178
|-terastallize|p2a: Samurott|Water
|-end|p1a: Bombirdier|confusion
|move|p1a: Bombirdier|Brave Bird|p2a: Samurott
|-damage|p2a: Samurott|0 fnt
|faint|p2a: Samurott
|-damage|p1a: Bombirdier|119/258|[from] Recoil
|
|upkeep
|
|t:|1776983202
|switch|p2a: Meowscarada|Meowscarada, L78, F|247/247
|turn|10
|
|t:|1776983211
|switch|p1a: Probopass|Probopass, L91, M|257/257
|-damage|p1a: Probopass|225/257|[from] Spikes
|move|p2a: Meowscarada|Triple Axel|p1a: Probopass|[miss]
|-start|p2a: Meowscarada|typechange|Ice|[from] ability: Protean
|-miss|p2a: Meowscarada|p1a: Probopass
|
|-heal|p1a: Probopass|241/257|[from] item: Leftovers
|upkeep
|turn|11
|
|t:|1776983226
|switch|p2a: Golurk|Golurk, L87|169/297
|switch|p1a: Bombirdier|Bombirdier, L85, M|119/258
|
|upkeep
|turn|12
|
|t:|1776983236
|move|p1a: Bombirdier|Knock Off|p2a: Golurk
|-supereffective|p2a: Golurk
|-damage|p2a: Golurk|0 fnt
|-enditem|p2a: Golurk|Choice Band|[from] move: Knock Off|[of] p1a: Bombirdier
|faint|p2a: Golurk
|
|upkeep
|
|t:|1776983243
|switch|p2a: Ampharos|Ampharos, L88, F|302/302
|turn|13
|
|t:|1776983248
|move|p1a: Bombirdier|Knock Off|p2a: Ampharos
|-damage|p2a: Ampharos|199/302
|-enditem|p2a: Ampharos|Assault Vest|[from] move: Knock Off|[of] p1a: Bombirdier
|move|p2a: Ampharos|Thunderbolt|p1a: Bombirdier
|-supereffective|p1a: Bombirdier
|-damage|p1a: Bombirdier|0 fnt
|faint|p1a: Bombirdier
|
|upkeep
|
|t:|1776983256
|switch|p1a: Lurantis|Lurantis, L87, M|264/264
|-damage|p1a: Lurantis|231/264|[from] Spikes
|turn|14
|inactive|Erizoh4 has 180 seconds left.
|
|t:|1776983288
|move|p2a: Ampharos|Volt Switch|p1a: Lurantis
|-resisted|p1a: Lurantis
|-damage|p1a: Lurantis|201/264
|
|t:|1776983296
|switch|p2a: Banette|Banette, L93, M|270/270|[from] Volt Switch
|move|p1a: Lurantis|Leaf Storm|p2a: Banette
|-damage|p2a: Banette|129/270
|-boost|p1a: Lurantis|spa|2
|
|upkeep
|turn|15
|
|t:|1776983305
|switch|p1a: Eelektross|Eelektross, L87, F|111/290
|move|p2a: Banette|Gunk Shot|p1a: Eelektross|[miss]
|-miss|p2a: Banette|p1a: Eelektross
|
|upkeep
|turn|16
|
|t:|1776983312
|move|p2a: Banette|Poltergeist|p1a: Eelektross
|-activate|p1a: Eelektross|move: Poltergeist|Assault Vest
|-damage|p1a: Eelektross|0 fnt
|faint|p1a: Eelektross
|-damage|p2a: Banette|102/270|[from] item: Life Orb
|
|upkeep
|
|t:|1776983320
|switch|p1a: Probopass|Probopass, L91, M|241/257
|-damage|p1a: Probopass|209/257|[from] Spikes
|turn|17
|inactive|Erizoh4 has 180 seconds left.
|
|t:|1776983325
|move|p2a: Banette|Poltergeist|p1a: Probopass
|-activate|p1a: Probopass|move: Poltergeist|Leftovers
|-damage|p1a: Probopass|76/257
|-damage|p2a: Banette|75/270|[from] item: Life Orb
|move|p1a: Probopass|Flash Cannon|p2a: Banette
|-damage|p2a: Banette|0 fnt
|faint|p2a: Banette
|
|-heal|p1a: Probopass|92/257|[from] item: Leftovers
|upkeep
|inactive|Erizoh4 has 180 seconds left.
|
|t:|1776983340
|switch|p2a: Espathra|Espathra, L80, F|283/283
|turn|18
|inactive|Erizoh4 has 180 seconds left.
|
|t:|1776983347
|switch|p1a: Gardevoir|Gardevoir, L83, M|249/249
|-damage|p1a: Gardevoir|218/249|[from] Spikes
|-ability|p1a: Gardevoir|Speed Boost|Trace|[from] ability: Trace|[of] p2a: Espathra
|move|p2a: Espathra|Calm Mind|p2a: Espathra
|-boost|p2a: Espathra|spa|1
|-boost|p2a: Espathra|spd|1
|
|-ability|p2a: Espathra|Speed Boost|boost
|-boost|p2a: Espathra|spe|1
|upkeep
|turn|19
|inactive|Erizoh4 has 180 seconds left.
|
|t:|1776983362
|move|p2a: Espathra|Calm Mind|p2a: Espathra
|-boost|p2a: Espathra|spa|1
|-boost|p2a: Espathra|spd|1
|move|p1a: Gardevoir|Mystical Fire|p2a: Espathra
|-damage|p2a: Espathra|227/283
|-unboost|p2a: Espathra|spa|1
|-damage|p1a: Gardevoir|194/249|[from] item: Life Orb
|
|-heal|p2a: Espathra|244/283|[from] item: Leftovers
|-ability|p2a: Espathra|Speed Boost|boost
|-boost|p2a: Espathra|spe|1
|-ability|p1a: Gardevoir|Speed Boost|boost
|-boost|p1a: Gardevoir|spe|1
|upkeep
|turn|20
|
|t:|1776983367
|move|p2a: Espathra|Calm Mind|p2a: Espathra
|-boost|p2a: Espathra|spa|1
|-boost|p2a: Espathra|spd|1
|move|p1a: Gardevoir|Mystical Fire|p2a: Espathra
|-damage|p2a: Espathra|200/283
|-unboost|p2a: Espathra|spa|1
|-damage|p1a: Gardevoir|170/249|[from] item: Life Orb
|
|-heal|p2a: Espathra|217/283|[from] item: Leftovers
|-ability|p2a: Espathra|Speed Boost|boost
|-boost|p2a: Espathra|spe|1
|-ability|p1a: Gardevoir|Speed Boost|boost
|-boost|p1a: Gardevoir|spe|1
|upkeep
|turn|21
|
|t:|1776983370
|move|p2a: Espathra|Protect|p2a: Espathra
|-singleturn|p2a: Espathra|Protect
|move|p1a: Gardevoir|Mystical Fire|p2a: Espathra
|-activate|p2a: Espathra|move: Protect
|
|-heal|p2a: Espathra|234/283|[from] item: Leftovers
|-ability|p2a: Espathra|Speed Boost|boost
|-boost|p2a: Espathra|spe|1
|-ability|p1a: Gardevoir|Speed Boost|boost
|-boost|p1a: Gardevoir|spe|1
|upkeep
|turn|22
|
|t:|1776983373
|move|p2a: Espathra|Calm Mind|p2a: Espathra
|-boost|p2a: Espathra|spa|1
|-boost|p2a: Espathra|spd|1
|move|p1a: Gardevoir|Calm Mind|p1a: Gardevoir
|-boost|p1a: Gardevoir|spa|1
|-boost|p1a: Gardevoir|spd|1
|
|-heal|p2a: Espathra|251/283|[from] item: Leftovers
|-ability|p2a: Espathra|Speed Boost|boost
|-boost|p2a: Espathra|spe|1
|-ability|p1a: Gardevoir|Speed Boost|boost
|-boost|p1a: Gardevoir|spe|1
|upkeep
|turn|23
|
|t:|1776983380
|move|p2a: Espathra|Calm Mind|p2a: Espathra
|-boost|p2a: Espathra|spa|1
|-boost|p2a: Espathra|spd|1
|move|p1a: Gardevoir|Calm Mind|p1a: Gardevoir
|-boost|p1a: Gardevoir|spa|1
|-boost|p1a: Gardevoir|spd|1
|
|-heal|p2a: Espathra|268/283|[from] item: Leftovers
|-ability|p2a: Espathra|Speed Boost|boost
|-boost|p2a: Espathra|spe|1
|-ability|p1a: Gardevoir|Speed Boost|boost
|-boost|p1a: Gardevoir|spe|1
|upkeep
|turn|24
|
|t:|1776983384
|move|p2a: Espathra|Calm Mind|p2a: Espathra
|-boost|p2a: Espathra|spa|1
|-boost|p2a: Espathra|spd|1
|move|p1a: Gardevoir|Psyshock|p2a: Espathra
|-resisted|p2a: Espathra
|-crit|p2a: Espathra
|-damage|p2a: Espathra|15/283
|-damage|p1a: Gardevoir|146/249|[from] item: Life Orb
|
|-heal|p2a: Espathra|32/283|[from] item: Leftovers
|-ability|p1a: Gardevoir|Speed Boost|boost
|-boost|p1a: Gardevoir|spe|1
|upkeep
|turn|25
|
|t:|1776983389
|move|p2a: Espathra|Stored Power|p1a: Gardevoir
|-resisted|p1a: Gardevoir
|-damage|p1a: Gardevoir|0 fnt
|faint|p1a: Gardevoir
|
|-heal|p2a: Espathra|49/283|[from] item: Leftovers
|upkeep
|
|t:|1776983396
|switch|p1a: Probopass|Probopass, L91, M|92/257
|-damage|p1a: Probopass|60/257|[from] Spikes
|turn|26
|inactive|Erizoh4 has 240 seconds left.
|
|t:|1776983402
|move|p2a: Espathra|Stored Power|p1a: Probopass
|-resisted|p1a: Probopass
|-damage|p1a: Probopass|0 fnt
|faint|p1a: Probopass
|
|-heal|p2a: Espathra|66/283|[from] item: Leftovers
|upkeep
|-message|Rulitho forfeited.
|
|win|Erizoh4
|l|☆Rulitho
|player|p1|
