|j|☆kesebel
|j|☆mofriu4334
|t:|1776971955
|gametype|singles
|player|p1|kesebel|1|
|player|p2|mofriu4334|bianca|
|gen|9
|tier|[Gen 9] Random Battle
|rule|Species Clause: Limit one of each Pokémon
|rule|HP Percentage Mod: HP is shown in percentages
|rule|Sleep Clause Mod: Limit one foe put to sleep
|rule|Illusion Level Mod: Illusion disguises the Pokémon's true level
|
|t:|1776971955
|teamsize|p1|6
|teamsize|p2|6
|start
|switch|p1a: Fezandipiti|Fezandipiti, L82, M|278/278
|switch|p2a: Meganium|Meganium, L90, F|290/290
|turn|1
|inactive|Battle timer is ON: inactive players will automatically lose when time's up. (requested by kesebel)
|inactive|mofriu4334 has 270 seconds left.
|inactive|mofriu4334 has 240 seconds left.
|inactive|mofriu4334 has 210 seconds left.
|
|t:|1776972049
|switch|p2a: Metagross|Metagross, L79|256/256
|move|p1a: Fezandipiti|Gunk Shot|p2a: Metagross
|-immune|p2a: Metagross
|
|upkeep
|turn|2
|inactive|mofriu4334 has 270 seconds left.
|
|t:|1776972063
|switch|p1a: Sableye|Sableye, L88, F|231/231
|move|p2a: Metagross|Agility|p2a: Metagross
|-boost|p2a: Metagross|spe|2
|
|upkeep
|turn|3
|inactive|mofriu4334 has 270 seconds left.
|inactive|mofriu4334 has 240 seconds left.
|inactive|mofriu4334 has 210 seconds left.
|
|t:|1776972135
|switch|p2a: Brute Bonnet|Brute Bonnet, L80|309/309
|move|p1a: Sableye|Encore|p2a: Brute Bonnet
|-hint|Since gen 7, Dark is immune to Prankster moves.
|-immune|p2a: Brute Bonnet
|
|upkeep
|turn|4
|inactive|mofriu4334 has 210 seconds left.
|
|t:|1776972145
|switch|p1a: Fezandipiti|Fezandipiti, L82, M|278/278
|move|p2a: Brute Bonnet|Spore|p1a: Fezandipiti
|-status|p1a: Fezandipiti|slp|[from] move: Spore
|
|upkeep
|turn|5
|inactive|mofriu4334 has 210 seconds left.
|
|t:|1776972174
|-end|p2a: Brute Bonnet|Protosynthesis|[silent]
|switch|p2a: Phione|Phione, L91|293/293
|cant|p1a: Fezandipiti|slp
|
|upkeep
|turn|6
|
|t:|1776972190
|cant|p1a: Fezandipiti|slp
|move|p2a: Phione|Take Heart|p2a: Phione
|-boost|p2a: Phione|spa|1
|-boost|p2a: Phione|spd|1
|
|upkeep
|turn|7
|
|t:|1776972205
|switch|p1a: Sableye|Sableye, L88, F|231/231
|move|p2a: Phione|Scald|p1a: Sableye
|-damage|p1a: Sableye|77/231
|
|-heal|p1a: Sableye|91/231|[from] item: Leftovers
|upkeep
|turn|8
|
|t:|1776972216
|move|p1a: Sableye|Encore|p2a: Phione
|-start|p2a: Phione|Encore
|move|p2a: Phione|Scald|p1a: Sableye
|-damage|p1a: Sableye|0 fnt
|faint|p1a: Sableye
|
|upkeep
|
|t:|1776972221
|switch|p1a: Conkeldurr|Conkeldurr, L80, F|299/299
|turn|9
|
|t:|1776972226
|move|p2a: Phione|Scald|p1a: Conkeldurr
|-damage|p1a: Conkeldurr|143/299
|move|p1a: Conkeldurr|Knock Off|p2a: Phione
|-damage|p2a: Phione|213/293
|-enditem|p2a: Phione|Leftovers|[from] move: Knock Off|[of] p1a: Conkeldurr
|
|-status|p1a: Conkeldurr|brn|[from] item: Flame Orb
|upkeep
|turn|10
|
|t:|1776972230
|move|p2a: Phione|Scald|p1a: Conkeldurr
|-damage|p1a: Conkeldurr|0 fnt
|faint|p1a: Conkeldurr
|
|-end|p2a: Phione|Encore
|upkeep
|
|t:|1776972238
|switch|p1a: Iron Moth|Iron Moth, L78|253/253
|turn|11
|
|t:|1776972244
|-terastallize|p1a: Iron Moth|Grass
|move|p1a: Iron Moth|Energy Ball|p2a: Phione
|-supereffective|p2a: Phione
|-damage|p2a: Phione|69/293
|move|p2a: Phione|Scald|p1a: Iron Moth
|-resisted|p1a: Iron Moth
|-damage|p1a: Iron Moth|199/253
|
|upkeep
|turn|12
|
|t:|1776972252
|move|p1a: Iron Moth|Energy Ball|p2a: Phione
|-supereffective|p2a: Phione
|-damage|p2a: Phione|0 fnt
|faint|p2a: Phione
|
|upkeep
|
|t:|1776972256
|switch|p2a: Metagross|Metagross, L79|256/256
|turn|13
|
|t:|1776972260
|move|p1a: Iron Moth|Fire Blast|p2a: Metagross
|-supereffective|p2a: Metagross
|-damage|p2a: Metagross|0 fnt
|faint|p2a: Metagross
|
|upkeep
|
|t:|1776972267
|switch|p2a: Lugia|Lugia, L73|275/275
|turn|14
|
|t:|1776972280
|-end|p1a: Iron Moth|Quark Drive|[silent]
|switch|p1a: Lumineon|Lumineon, L93, F|279/279
|move|p2a: Lugia|Calm Mind|p2a: Lugia
|-boost|p2a: Lugia|spa|1
|-boost|p2a: Lugia|spd|1
|
|upkeep
|turn|15
|
|t:|1776972285
|move|p1a: Lumineon|Ice Beam|p2a: Lugia
|-supereffective|p2a: Lugia
|-damage|p2a: Lugia|247/275
|move|p2a: Lugia|Calm Mind|p2a: Lugia
|-boost|p2a: Lugia|spa|1
|-boost|p2a: Lugia|spd|1
|
|upkeep
|turn|16
|
|t:|1776972291
|move|p1a: Lumineon|Encore|p2a: Lugia
|-start|p2a: Lugia|Encore
|move|p2a: Lugia|Calm Mind|p2a: Lugia
|-boost|p2a: Lugia|spa|1
|-boost|p2a: Lugia|spd|1
|
|upkeep
|turn|17
|
|t:|1776972306
|move|p1a: Lumineon|Ice Beam|p2a: Lugia
|-supereffective|p2a: Lugia
|-damage|p2a: Lugia|211/275
|move|p2a: Lugia|Calm Mind|p2a: Lugia
|-boost|p2a: Lugia|spa|1
|-boost|p2a: Lugia|spd|1
|
|upkeep
|turn|18
|inactive|mofriu4334 has 270 seconds left.
|
|t:|1776972314
|move|p1a: Lumineon|Ice Beam|p2a: Lugia
|-supereffective|p2a: Lugia
|-damage|p2a: Lugia|179/275
|move|p2a: Lugia|Calm Mind|p2a: Lugia
|-boost|p2a: Lugia|spa|1
|-boost|p2a: Lugia|spd|1
|
|-end|p2a: Lugia|Encore
|upkeep
|turn|19
|
|t:|1776972323
|move|p1a: Lumineon|Ice Beam|p2a: Lugia
|-supereffective|p2a: Lugia
|-damage|p2a: Lugia|151/275
|-status|p2a: Lugia|frz
|cant|p2a: Lugia|frz
|
|upkeep
|turn|20
|
|t:|1776972332
|move|p1a: Lumineon|Ice Beam|p2a: Lugia
|-supereffective|p2a: Lugia
|-damage|p2a: Lugia|125/275 frz
|cant|p2a: Lugia|frz
|
|upkeep
|turn|21
|
|t:|1776972335
|move|p1a: Lumineon|Ice Beam|p2a: Lugia
|-supereffective|p2a: Lugia
|-damage|p2a: Lugia|99/275 frz
|cant|p2a: Lugia|frz
|
|upkeep
|turn|22
|
|t:|1776972345
|move|p1a: Lumineon|Ice Beam|p2a: Lugia
|-supereffective|p2a: Lugia
|-damage|p2a: Lugia|73/275 frz
|cant|p2a: Lugia|frz
|
|upkeep
|turn|23
|
|t:|1776972350
|move|p1a: Lumineon|Ice Beam|p2a: Lugia
|-supereffective|p2a: Lugia
|-damage|p2a: Lugia|47/275 frz
|cant|p2a: Lugia|frz
|
|upkeep
|turn|24
|
|t:|1776972357
|move|p1a: Lumineon|Ice Beam|p2a: Lugia
|-supereffective|p2a: Lugia
|-damage|p2a: Lugia|19/275 frz
|cant|p2a: Lugia|frz
|
|upkeep
|turn|25
|
|t:|1776972362
|move|p1a: Lumineon|Ice Beam|p2a: Lugia
|-supereffective|p2a: Lugia
|-damage|p2a: Lugia|0 fnt
|faint|p2a: Lugia
|
|upkeep
|
|t:|1776972366
|switch|p2a: Ditto|Ditto, L87|225/225
|-transform|p2a: Ditto|p1a: Lumineon|[from] ability: Imposter
|turn|26
|
|t:|1776972375
|move|p2a: Ditto|Hydro Pump|p1a: Lumineon
|-ability|p1a: Lumineon|Storm Drain|boost
|-boost|p1a: Lumineon|spa|1
|move|p1a: Lumineon|U-turn|p2a: Ditto
|-damage|p2a: Ditto|176/225
|
|t:|1776972380
|switch|p1a: Iron Moth|Iron Moth, L78, tera:Grass|199/253|[from] U-turn
|
|upkeep
|turn|27
|
|t:|1776972383
|move|p2a: Ditto|Hydro Pump|p1a: Iron Moth
|-resisted|p1a: Iron Moth
|-damage|p1a: Iron Moth|157/253
|move|p1a: Iron Moth|Energy Ball|p2a: Ditto
|-supereffective|p2a: Ditto
|-damage|p2a: Ditto|0 fnt
|faint|p2a: Ditto
|
|upkeep
|
|t:|1776972386
|switch|p2a: Meganium|Meganium, L90, F|290/290
|turn|28
|
|t:|1776972394
|move|p1a: Iron Moth|Sludge Wave|p2a: Meganium
|-supereffective|p2a: Meganium
|-damage|p2a: Meganium|72/290
|move|p2a: Meganium|Earthquake|p1a: Iron Moth
|-resisted|p1a: Iron Moth
|-damage|p1a: Iron Moth|110/253
|
|-heal|p2a: Meganium|90/290|[from] item: Leftovers
|upkeep
|turn|29
|
|t:|1776972400
|move|p1a: Iron Moth|Sludge Wave|p2a: Meganium
|-supereffective|p2a: Meganium
|-damage|p2a: Meganium|0 fnt
|faint|p2a: Meganium
|
|upkeep
|
|t:|1776972407
|switch|p2a: Brute Bonnet|Brute Bonnet, L80|309/309
|turn|30
|
|t:|1776972413
|move|p1a: Iron Moth|Morning Sun|p1a: Iron Moth
|-heal|p1a: Iron Moth|236/253
|move|p2a: Brute Bonnet|Spore|p1a: Iron Moth
|-immune|p1a: Iron Moth
|
|upkeep
|turn|31
|
|t:|1776972419
|move|p1a: Iron Moth|Sludge Wave|p2a: Brute Bonnet
|-supereffective|p2a: Brute Bonnet
|-damage|p2a: Brute Bonnet|79/309
|-status|p2a: Brute Bonnet|psn
|move|p2a: Brute Bonnet|Spore|p1a: Iron Moth
|-immune|p1a: Iron Moth
|
|-heal|p2a: Brute Bonnet|98/309 psn|[from] item: Leftovers
|-damage|p2a: Brute Bonnet|60/309 psn|[from] psn
|upkeep
|turn|32
|
|t:|1776972431
|move|p2a: Brute Bonnet|Sucker Punch|p1a: Iron Moth
|-damage|p1a: Iron Moth|115/253
|move|p1a: Iron Moth|Sludge Wave|p2a: Brute Bonnet
|-supereffective|p2a: Brute Bonnet
|-damage|p2a: Brute Bonnet|0 fnt
|faint|p2a: Brute Bonnet
|-end|p2a: Brute Bonnet|Protosynthesis|[silent]
|
|win|kesebel
