|j|☆tsaber
|j|☆coolguy744
|t:|1772744226
|gametype|singles
|player|p1|tsaber|hugh|
|player|p2|coolguy744|265|
|gen|9
|tier|[Gen 9] Random Battle
|rule|Species Clause: Limit one of each Pokémon
|rule|HP Percentage Mod: HP is shown in percentages
|rule|Sleep Clause Mod: Limit one foe put to sleep
|rule|Illusion Level Mod: Illusion disguises the Pokémon's true level
|
|t:|1772744226
|teamsize|p1|6
|teamsize|p2|6
|start
|switch|p1a: Infernape|Infernape, L82, M|259/259
|switch|p2a: Iron Moth|Iron Moth, L78|253/253
|turn|1
|
|t:|1772744259
|switch|p1a: Uxie|Uxie, L83|260/260
|move|p2a: Iron Moth|Fiery Dance|p1a: Uxie
|-damage|p1a: Uxie|190/260
|
|-heal|p1a: Uxie|206/260|[from] item: Leftovers
|upkeep
|turn|2
|
|t:|1772744276
|-terastallize|p2a: Iron Moth|Fire
|move|p2a: Iron Moth|Fiery Dance|p1a: Uxie
|-damage|p1a: Uxie|112/260
|move|p1a: Uxie|Knock Off|p2a: Iron Moth
|-damage|p2a: Iron Moth|178/253
|-enditem|p2a: Iron Moth|Heavy-Duty Boots|[from] move: Knock Off|[of] p1a: Uxie
|
|-heal|p1a: Uxie|128/260|[from] item: Leftovers
|upkeep
|turn|3
|
|t:|1772744287
|move|p2a: Iron Moth|Fiery Dance|p1a: Uxie
|-damage|p1a: Uxie|30/260
|-boost|p2a: Iron Moth|spa|1
|move|p1a: Uxie|Stealth Rock|p2a: Iron Moth
|-sidestart|p2: coolguy744|move: Stealth Rock
|
|-heal|p1a: Uxie|46/260|[from] item: Leftovers
|upkeep
|turn|4
|
|t:|1772744296
|move|p2a: Iron Moth|Fiery Dance|p1a: Uxie
|-damage|p1a: Uxie|0 fnt
|faint|p1a: Uxie
|
|upkeep
|
|t:|1772744300
|switch|p1a: Golduck|Golduck, L90, M|290/290
|-ability|p1a: Golduck|Cloud Nine
|turn|5
|
|t:|1772744305
|move|p2a: Iron Moth|Energy Ball|p1a: Golduck
|-supereffective|p1a: Golduck
|-damage|p1a: Golduck|78/290
|move|p1a: Golduck|Hydro Pump|p2a: Iron Moth
|-supereffective|p2a: Iron Moth
|-damage|p2a: Iron Moth|0 fnt
|faint|p2a: Iron Moth
|-end|p2a: Iron Moth|Quark Drive|[silent]
|-damage|p1a: Golduck|49/290|[from] item: Life Orb
|
|upkeep
|
|t:|1772744318
|switch|p2a: Eiscue|Eiscue, L88, F|274/274
|-damage|p2a: Eiscue|206/274|[from] Stealth Rock
|turn|6
|
|t:|1772744328
|move|p1a: Golduck|Nasty Plot|p1a: Golduck
|-boost|p1a: Golduck|spa|2
|move|p2a: Eiscue|Belly Drum|p2a: Eiscue
|-damage|p2a: Eiscue|69/274
|-setboost|p2a: Eiscue|atk|6|[from] move: Belly Drum
|-enditem|p2a: Eiscue|Sitrus Berry|[eat]
|-heal|p2a: Eiscue|137/274|[from] item: Sitrus Berry
|
|upkeep
|turn|7
|
|t:|1772744349
|move|p1a: Golduck|Hydro Pump|p2a: Eiscue
|-damage|p2a: Eiscue|0 fnt
|faint|p2a: Eiscue
|-damage|p1a: Golduck|20/290|[from] item: Life Orb
|
|upkeep
|
|t:|1772744357
|switch|p2a: Grafaiai|Grafaiai, L86, F|249/249
|turn|8
|
|t:|1772744367
|move|p2a: Grafaiai|Knock Off|p1a: Golduck
|-damage|p1a: Golduck|0 fnt
|-enditem|p1a: Golduck|Life Orb|[from] move: Knock Off|[of] p2a: Grafaiai
|faint|p1a: Golduck
|
|upkeep
|
|t:|1772744373
|switch|p1a: Falinks|Falinks, L84|246/246
|turn|9
|
|t:|1772744379
|move|p2a: Grafaiai|Parting Shot|p1a: Falinks
|-unboost|p1a: Falinks|atk|1
|-ability|p1a: Falinks|Defiant|boost
|-boost|p1a: Falinks|atk|2
|-unboost|p1a: Falinks|spa|1
|-ability|p1a: Falinks|Defiant|boost
|-boost|p1a: Falinks|atk|2
|
|t:|1772744386
|switch|p2a: Carbink|Carbink, L90|236/236|[from] Parting Shot
|-damage|p2a: Carbink|207/236|[from] Stealth Rock
|move|p1a: Falinks|No Retreat|p1a: Falinks
|-boost|p1a: Falinks|atk|1
|-boost|p1a: Falinks|def|1
|-boost|p1a: Falinks|spa|1
|-boost|p1a: Falinks|spd|1
|-boost|p1a: Falinks|spe|1
|-start|p1a: Falinks|move: No Retreat
|
|upkeep
|turn|10
|
|t:|1772744409
|move|p1a: Falinks|No Retreat||[still]
|-fail|p1a: Falinks
|move|p2a: Carbink|Moonblast|p1a: Falinks
|-supereffective|p1a: Falinks
|-damage|p1a: Falinks|124/246
|-unboost|p1a: Falinks|spa|1
|-ability|p1a: Falinks|Defiant|boost
|-boost|p1a: Falinks|atk|2
|
|upkeep
|turn|11
|
|t:|1772744420
|move|p1a: Falinks|Close Combat|p2a: Carbink
|-damage|p2a: Carbink|0 fnt
|-unboost|p1a: Falinks|def|1
|-unboost|p1a: Falinks|spd|1
|faint|p2a: Carbink
|-damage|p1a: Falinks|100/246|[from] item: Life Orb
|
|upkeep
|
|t:|1772744429
|switch|p2a: Grafaiai|Grafaiai, L86, F|249/249
|turn|12
|
|t:|1772744450
|move|p1a: Falinks|Knock Off|p2a: Grafaiai
|-damage|p2a: Grafaiai|0 fnt
|-enditem|p2a: Grafaiai|Heavy-Duty Boots|[from] move: Knock Off|[of] p1a: Falinks
|faint|p2a: Grafaiai
|-damage|p1a: Falinks|76/246|[from] item: Life Orb
|
|upkeep
|
|t:|1772744457
|switch|p2a: Ursaring|Ursaring, L84, M|288/288
|-damage|p2a: Ursaring|252/288|[from] Stealth Rock
|turn|13
|
|t:|1772744465
|move|p1a: Falinks|Close Combat|p2a: Ursaring
|-supereffective|p2a: Ursaring
|-damage|p2a: Ursaring|0 fnt
|-unboost|p1a: Falinks|def|1
|-unboost|p1a: Falinks|spd|1
|faint|p2a: Ursaring
|-damage|p1a: Falinks|52/246|[from] item: Life Orb
|
|upkeep
|
|t:|1772744473
|switch|p2a: Groudon|Groudon, L72|263/263
|-damage|p2a: Groudon|247/263|[from] Stealth Rock
|-weather|SunnyDay|[from] ability: Drought|[of] p2a: Groudon
|turn|14
|
|t:|1772744483
|-terastallize|p1a: Falinks|Dark
|move|p1a: Falinks|Knock Off|p2a: Groudon
|-damage|p2a: Groudon|0 fnt
|-enditem|p2a: Groudon|Leftovers|[from] move: Knock Off|[of] p1a: Falinks
|faint|p2a: Groudon
|-damage|p1a: Falinks|28/246|[from] item: Life Orb
|
|win|tsaber
|l|☆coolguy744
|player|p2|
|c|☆tsaber|gg
