|j|☆yaqubxyz
|j|☆Ramypoke
|t:|1776971001
|gametype|singles
|player|p1|yaqubxyz|depotagent|
|player|p2|Ramypoke|burglar|
|gen|9
|tier|[Gen 9] Random Battle
|rule|Species Clause: Limit one of each Pokémon
|rule|HP Percentage Mod: HP is shown in percentages
|rule|Sleep Clause Mod: Limit one foe put to sleep
|rule|Illusion Level Mod: Illusion disguises the Pokémon's true level
|
|t:|1776971001
|teamsize|p1|6
|teamsize|p2|6
|start
|switch|p1a: Ditto|Ditto, L87|225/225
|switch|p2a: Munkidori|Munkidori, L79, M|269/269
|-transform|p1a: Ditto|p2a: Munkidori|[from] ability: Imposter
|turn|1
|
|t:|1776971069
|switch|p1a: Beartic|Beartic, L91, M|321/321
|switch|p2a: Typhlosion|Typhlosion, L84, M|267/267
|
|upkeep
|turn|2
|
|t:|1776971089
|move|p2a: Typhlosion|Focus Blast|p1a: Beartic
|-supereffective|p1a: Beartic
|-damage|p1a: Beartic|39/321
|move|p1a: Beartic|Earthquake|p2a: Typhlosion
|-supereffective|p2a: Typhlosion
|-damage|p2a: Typhlosion|39/267
|
|upkeep
|turn|3
|
|t:|1776971178
|switch|p1a: Garganacl|Garganacl, L80, M|291/291
|move|p2a: Typhlosion|Focus Blast|p1a: Garganacl|[miss]
|-miss|p2a: Typhlosion|p1a: Garganacl
|
|upkeep
|turn|4
|
|t:|1776971186
|move|p2a: Typhlosion|Focus Blast|p1a: Garganacl
|-supereffective|p1a: Garganacl
|-damage|p1a: Garganacl|0 fnt
|faint|p1a: Garganacl
|
|upkeep
|l|☆Ramypoke
|player|p2|
|j|☆Ramypoke
|player|p2|Ramypoke|burglar|
|
|t:|1776971269
|switch|p1a: Ditto|Ditto, L87|225/225
|-transform|p1a: Ditto|p2a: Typhlosion|[from] ability: Imposter
|turn|5
|
|t:|1776971316
|move|p1a: Ditto|Scorching Sands|p2a: Typhlosion
|-supereffective|p2a: Typhlosion
|-damage|p2a: Typhlosion|0 fnt
|faint|p2a: Typhlosion
|
|upkeep
|
|t:|1776971322
|switch|p2a: Inteleon|Inteleon, L81, M|246/246
|turn|6
|
|t:|1776971328
|switch|p1a: Bellibolt|Bellibolt, L84, M|320/320
|move|p2a: Inteleon|Scald|p1a: Bellibolt
|-damage|p1a: Bellibolt|179/320
|-status|p1a: Bellibolt|brn
|-start|p1a: Bellibolt|Charge|Scald|[from] ability: Electromorphosis
|
|-heal|p1a: Bellibolt|199/320 brn|[from] item: Leftovers
|-damage|p1a: Bellibolt|179/320 brn|[from] brn
|upkeep
|turn|7
|
|t:|1776971335
|switch|p2a: Dipplin|Dipplin, L88, M|284/284
|move|p1a: Bellibolt|Volt Switch|p2a: Dipplin
|-resisted|p2a: Dipplin
|-damage|p2a: Dipplin|260/284
|-end|p1a: Bellibolt|Charge|[silent]
|
|t:|1776971343
|switch|p1a: Ditto|Ditto, L87|225/225|[from] Volt Switch
|-transform|p1a: Ditto|p2a: Dipplin|[from] ability: Imposter
|
|upkeep
|turn|8
|
|t:|1776971356
|-terastallize|p2a: Dipplin|Steel
|move|p1a: Ditto|Dragon Pulse|p2a: Dipplin
|-resisted|p2a: Dipplin
|-crit|p2a: Dipplin
|-damage|p2a: Dipplin|213/284
|move|p2a: Dipplin|Dragon Pulse|p1a: Ditto
|-supereffective|p1a: Ditto
|-damage|p1a: Ditto|31/225
|
|upkeep
|turn|9
|
|t:|1776971363
|-terastallize|p1a: Ditto|Steel
|move|p1a: Ditto|Dragon Pulse|p2a: Dipplin
|-resisted|p2a: Dipplin
|-damage|p2a: Dipplin|179/284
|move|p2a: Dipplin|Dragon Pulse|p1a: Ditto
|-resisted|p1a: Ditto
|-damage|p1a: Ditto|0 fnt
|faint|p1a: Ditto
|
|upkeep
|
|t:|1776971374
|switch|p1a: Zapdos|Zapdos-Galar, L77|265/265
|turn|10
|
|t:|1776971485
|switch|p2a: Kilowattrel|Kilowattrel, L83, M|252/252
|move|p1a: Zapdos|Close Combat|p2a: Kilowattrel
|-resisted|p2a: Kilowattrel
|-damage|p2a: Kilowattrel|169/252
|-unboost|p1a: Zapdos|def|1
|-unboost|p1a: Zapdos|spd|1
|
|upkeep
|turn|11
|
|t:|1776971528
|switch|p1a: Beartic|Beartic, L91, M|39/321
|move|p2a: Kilowattrel|Roost|p2a: Kilowattrel
|-heal|p2a: Kilowattrel|252/252
|-singleturn|p2a: Kilowattrel|move: Roost
|
|upkeep
|turn|12
|
|t:|1776971536
|move|p2a: Kilowattrel|Roost||[still]
|-fail|p2a: Kilowattrel|heal
|move|p1a: Beartic|Icicle Crash|p2a: Kilowattrel
|-supereffective|p2a: Kilowattrel
|-damage|p2a: Kilowattrel|0 fnt
|faint|p2a: Kilowattrel
|
|upkeep
|
|t:|1776971553
|switch|p2a: Dipplin|Dipplin, L88, M, tera:Steel|179/284
|turn|13
|
|t:|1776971562
|move|p1a: Beartic|Earthquake|p2a: Dipplin
|-supereffective|p2a: Dipplin
|-damage|p2a: Dipplin|57/284
|move|p2a: Dipplin|Recover|p2a: Dipplin
|-heal|p2a: Dipplin|199/284
|
|upkeep
|turn|14
|
|t:|1776971572
|move|p1a: Beartic|Earthquake|p2a: Dipplin
|-supereffective|p2a: Dipplin
|-damage|p2a: Dipplin|93/284
|move|p2a: Dipplin|Recover|p2a: Dipplin
|-heal|p2a: Dipplin|235/284
|
|upkeep
|turn|15
|
|t:|1776971583
|move|p1a: Beartic|Earthquake|p2a: Dipplin
|-supereffective|p2a: Dipplin
|-damage|p2a: Dipplin|123/284
|move|p2a: Dipplin|Giga Drain|p1a: Beartic
|-damage|p1a: Beartic|0 fnt
|-heal|p2a: Dipplin|143/284|[from] drain|[of] p1a: Beartic
|faint|p1a: Beartic
|
|upkeep
|
|t:|1776971599
|switch|p1a: Zapdos|Zapdos-Galar, L77|265/265
|turn|16
|
|t:|1776971605
|move|p1a: Zapdos|Close Combat|p2a: Dipplin
|-supereffective|p2a: Dipplin
|-damage|p2a: Dipplin|9/284
|-unboost|p1a: Zapdos|def|1
|-unboost|p1a: Zapdos|spd|1
|move|p2a: Dipplin|Giga Drain|p1a: Zapdos
|-resisted|p1a: Zapdos
|-damage|p1a: Zapdos|193/265
|-heal|p2a: Dipplin|45/284|[from] drain|[of] p1a: Zapdos
|
|upkeep
|turn|17
|
|t:|1776971609
|move|p1a: Zapdos|Close Combat|p2a: Dipplin
|-supereffective|p2a: Dipplin
|-crit|p2a: Dipplin
|-damage|p2a: Dipplin|0 fnt
|-unboost|p1a: Zapdos|def|1
|-unboost|p1a: Zapdos|spd|1
|faint|p2a: Dipplin
|
|upkeep
|
|t:|1776971612
|switch|p2a: Scyther|Scyther, L82, M|249/249
|turn|18
|
|t:|1776971624
|move|p1a: Zapdos|Close Combat|p2a: Scyther
|-resisted|p2a: Scyther
|-damage|p2a: Scyther|212/249
|-unboost|p1a: Zapdos|def|1
|-unboost|p1a: Zapdos|spd|1
|move|p2a: Scyther|Bug Bite|p1a: Zapdos
|-resisted|p1a: Zapdos
|-damage|p1a: Zapdos|132/265
|
|upkeep
|turn|19
|
|t:|1776971629
|move|p1a: Zapdos|Close Combat|p2a: Scyther
|-resisted|p2a: Scyther
|-damage|p2a: Scyther|173/249
|-unboost|p1a: Zapdos|def|1
|-unboost|p1a: Zapdos|spd|1
|move|p2a: Scyther|Swords Dance|p2a: Scyther
|-boost|p2a: Scyther|atk|2
|
|upkeep
|turn|20
|
|t:|1776971634
|move|p1a: Zapdos|Close Combat|p2a: Scyther
|-resisted|p2a: Scyther
|-damage|p2a: Scyther|138/249
|-unboost|p1a: Zapdos|def|1
|-unboost|p1a: Zapdos|spd|1
|move|p2a: Scyther|Swords Dance|p2a: Scyther
|-boost|p2a: Scyther|atk|2
|
|upkeep
|turn|21
|
|t:|1776971636
|move|p1a: Zapdos|Close Combat|p2a: Scyther
|-resisted|p2a: Scyther
|-damage|p2a: Scyther|102/249
|-unboost|p1a: Zapdos|def|1
|-unboost|p1a: Zapdos|spd|1
|move|p2a: Scyther|Swords Dance|p2a: Scyther
|-boost|p2a: Scyther|atk|2
|
|upkeep
|turn|22
|
|t:|1776971638
|move|p1a: Zapdos|Close Combat|p2a: Scyther
|-resisted|p2a: Scyther
|-damage|p2a: Scyther|65/249
|move|p2a: Scyther|Swords Dance|p2a: Scyther
|-boost|p2a: Scyther|atk|0
|
|upkeep
|turn|23
|
|t:|1776971646
|-activate|p1a: Zapdos|move: Struggle
|move|p1a: Zapdos|Struggle|p2a: Scyther
|-damage|p2a: Scyther|23/249
|-damage|p1a: Zapdos|66/265|[from] recoil
|move|p2a: Scyther|Bug Bite|p1a: Zapdos
|-resisted|p1a: Zapdos
|-damage|p1a: Zapdos|0 fnt
|faint|p1a: Zapdos
|
|upkeep
|
|t:|1776971652
|switch|p1a: Drifblim|Drifblim, L86, M|396/396
|turn|24
|
|t:|1776971656
|move|p2a: Scyther|Close Combat|p1a: Drifblim
|-immune|p1a: Drifblim
|move|p1a: Drifblim|Air Slash|p2a: Scyther
|-supereffective|p2a: Scyther
|-damage|p2a: Scyther|0 fnt
|faint|p2a: Scyther
|
|upkeep
|
|t:|1776971660
|switch|p2a: Munkidori|Munkidori, L79, M|269/269
|turn|25
|
|t:|1776971666
|move|p2a: Munkidori|Focus Blast|p1a: Drifblim
|-immune|p1a: Drifblim
|move|p1a: Drifblim|Shadow Ball|p2a: Munkidori
|-supereffective|p2a: Munkidori
|-damage|p2a: Munkidori|99/269
|-unboost|p2a: Munkidori|spd|1
|
|upkeep
|turn|26
|
|t:|1776971669
|move|p2a: Munkidori|Focus Blast|p1a: Drifblim
|-immune|p1a: Drifblim
|move|p1a: Drifblim|Shadow Ball|p2a: Munkidori
|-supereffective|p2a: Munkidori
|-damage|p2a: Munkidori|0 fnt
|faint|p2a: Munkidori
|
|upkeep
|
|t:|1776971671
|switch|p2a: Inteleon|Inteleon, L81, M|246/246
|turn|27
|
|t:|1776971676
|move|p2a: Inteleon|U-turn|p1a: Drifblim
|-resisted|p1a: Drifblim
|-damage|p1a: Drifblim|381/396
|move|p1a: Drifblim|Shadow Ball|p2a: Inteleon
|-damage|p2a: Inteleon|140/246
|
|upkeep
|turn|28
|
|t:|1776971679
|move|p2a: Inteleon|U-turn|p1a: Drifblim
|-resisted|p1a: Drifblim
|-damage|p1a: Drifblim|365/396
|move|p1a: Drifblim|Shadow Ball|p2a: Inteleon
|-damage|p2a: Inteleon|28/246
|
|upkeep
|turn|29
|
|t:|1776971681
|move|p2a: Inteleon|U-turn|p1a: Drifblim
|-resisted|p1a: Drifblim
|-damage|p1a: Drifblim|350/396
|move|p1a: Drifblim|Shadow Ball|p2a: Inteleon
|-damage|p2a: Inteleon|0 fnt
|faint|p2a: Inteleon
|
|win|yaqubxyz
