|j|☆Deneb74
|j|☆acewalker21
|t:|1776971852
|gametype|singles
|player|p1|Deneb74|steven|1828
|player|p2|acewalker21|red|1785
|gen|9
|tier|[Gen 9] Random Battle
|rated|
|rule|Species Clause: Limit one of each Pokémon
|rule|HP Percentage Mod: HP is shown in percentages
|rule|Sleep Clause Mod: Limit one foe put to sleep
|rule|Illusion Level Mod: Illusion disguises the Pokémon's true level
|
|t:|1776971852
|teamsize|p1|6
|teamsize|p2|6
|start
|switch|p1a: Zekrom|Zekrom, L71|259/259
|switch|p2a: Lapras|Lapras, L87, M|367/367
|-ability|p1a: Zekrom|Teravolt
|turn|1
|inactive|Battle timer is ON: inactive players will automatically lose when time's up. (requested by Deneb74)
|
|t:|1776971871
|move|p1a: Zekrom|Substitute|p1a: Zekrom
|-start|p1a: Zekrom|Substitute
|-damage|p1a: Zekrom|195/259
|move|p2a: Lapras|Icicle Spear|p1a: Zekrom
|-supereffective|p1a: Zekrom
|-activate|p1a: Zekrom|move: Substitute|[damage]
|-supereffective|p1a: Zekrom
|-end|p1a: Zekrom|Substitute
|-supereffective|p1a: Zekrom
|-damage|p1a: Zekrom|151/259
|-supereffective|p1a: Zekrom
|-damage|p1a: Zekrom|107/259
|-hitcount|p1a: Zekrom|4
|
|-heal|p1a: Zekrom|123/259|[from] item: Leftovers
|upkeep
|turn|2
|
|t:|1776971878
|-terastallize|p2a: Lapras|Ground
|move|p1a: Zekrom|Bolt Strike|p2a: Lapras
|-immune|p2a: Lapras
|move|p2a: Lapras|Dragon Dance|p2a: Lapras
|-boost|p2a: Lapras|atk|1
|-boost|p2a: Lapras|spe|1
|
|-heal|p1a: Zekrom|139/259|[from] item: Leftovers
|upkeep
|turn|3
|
|t:|1776971884
|switch|p1a: Overqwil|Overqwil, L82, M|274/274
|-ability|p1a: Overqwil|Intimidate|boost
|-unboost|p2a: Lapras|atk|1
|move|p2a: Lapras|Dragon Dance|p2a: Lapras
|-boost|p2a: Lapras|atk|1
|-boost|p2a: Lapras|spe|1
|
|upkeep
|turn|4
|
|t:|1776971896
|move|p2a: Lapras|Dragon Dance|p2a: Lapras
|-boost|p2a: Lapras|atk|1
|-boost|p2a: Lapras|spe|1
|move|p1a: Overqwil|Liquidation|p2a: Lapras
|-immune|p2a: Lapras|[from] ability: Water Absorb
|
|upkeep
|turn|5
|
|t:|1776971905
|switch|p1a: Emboar|Emboar, L84, F|322/322
|move|p2a: Lapras|Dragon Dance|p2a: Lapras
|-boost|p2a: Lapras|atk|1
|-boost|p2a: Lapras|spe|1
|
|upkeep
|turn|6
|
|t:|1776971915
|switch|p1a: Overqwil|Overqwil, L82, M|274/274
|-ability|p1a: Overqwil|Intimidate|boost
|-unboost|p2a: Lapras|atk|1
|move|p2a: Lapras|Earthquake|p1a: Overqwil
|-supereffective|p1a: Overqwil
|-damage|p1a: Overqwil|0 fnt
|faint|p1a: Overqwil
|
|upkeep
|
|t:|1776971923
|switch|p1a: Tornadus|Tornadus-Therian, L79, M|254/254
|turn|7
|
|t:|1776971930
|-terastallize|p1a: Tornadus|Fire
|move|p2a: Lapras|Icicle Spear|p1a: Tornadus
|-resisted|p1a: Tornadus
|-damage|p1a: Tornadus|223/254
|-resisted|p1a: Tornadus
|-damage|p1a: Tornadus|193/254
|-resisted|p1a: Tornadus
|-damage|p1a: Tornadus|163/254
|-resisted|p1a: Tornadus
|-damage|p1a: Tornadus|132/254
|-hitcount|p1a: Tornadus|4
|move|p1a: Tornadus|Grass Knot|p2a: Lapras
|-supereffective|p2a: Lapras
|-damage|p2a: Lapras|127/367
|
|upkeep
|turn|8
|
|t:|1776971953
|switch|p1a: Zekrom|Zekrom, L71|139/259
|-ability|p1a: Zekrom|Teravolt
|move|p2a: Lapras|Earthquake|p1a: Zekrom
|-supereffective|p1a: Zekrom
|-damage|p1a: Zekrom|0 fnt
|faint|p1a: Zekrom
|
|upkeep
|
|t:|1776971960
|switch|p1a: Hypno|Hypno, L95, F|315/315
|turn|9
|
|t:|1776971971
|move|p2a: Lapras|Earthquake|p1a: Hypno
|-damage|p1a: Hypno|90/315
|move|p1a: Hypno|Psychic Noise|p2a: Lapras
|-damage|p2a: Lapras|57/367
|-start|p2a: Lapras|move: Heal Block
|
|-heal|p1a: Hypno|109/315|[from] item: Leftovers
|upkeep
|turn|10
|
|t:|1776971984
|move|p2a: Lapras|Icicle Spear|p1a: Hypno
|-damage|p1a: Hypno|57/315
|-damage|p1a: Hypno|3/315
|-damage|p1a: Hypno|0 fnt
|faint|p1a: Hypno
|-hitcount|p1: Hypno|3
|
|-end|p2a: Lapras|move: Heal Block
|upkeep
|c|☆Deneb74|wtf man
|
|t:|1776971995
|switch|p1a: Cyclizar|Cyclizar, L83, M|252/252
|turn|11
|
|t:|1776972006
|move|p2a: Lapras|Icicle Spear|p1a: Cyclizar
|-supereffective|p1a: Cyclizar
|-damage|p1a: Cyclizar|120/252
|-supereffective|p1a: Cyclizar
|-damage|p1a: Cyclizar|0 fnt
|faint|p1a: Cyclizar
|-hitcount|p1: Cyclizar|2
|
|upkeep
|n|!Deneb74|deneb74
|-message|Deneb74 forfeited.
|
|win|acewalker21
