|j|‽koroyev1
|j|☆DarkKnight104
|t:|1776976239
|gametype|singles
|player|p1|koroyev1|plasmagruntf|1593
|player|p2|DarkKnight104|266|1620
|gen|9
|tier|[Gen 9] Random Battle
|rated|
|rule|Species Clause: Limit one of each Pokémon
|rule|HP Percentage Mod: HP is shown in percentages
|rule|Sleep Clause Mod: Limit one foe put to sleep
|rule|Illusion Level Mod: Illusion disguises the Pokémon's true level
|
|t:|1776976239
|teamsize|p1|6
|teamsize|p2|6
|start
|switch|p1a: Espeon|Espeon, L84, F|246/246
|switch|p2a: Vespiquen|Vespiquen, L99, F|299/299
|-ability|p2a: Vespiquen|Pressure
|turn|1
|inactive|Battle timer is ON: inactive players will automatically lose when time's up. (requested by DarkKnight104)
|
|t:|1776976252
|switch|p2a: Hydreigon|Hydreigon, L79, M|275/275
|move|p1a: Espeon|Calm Mind|p1a: Espeon
|-boost|p1a: Espeon|spa|1
|-boost|p1a: Espeon|spd|1
|
|upkeep
|turn|2
|
|t:|1776976275
|move|p1a: Espeon|Alluring Voice|p2a: Hydreigon
|-supereffective|p2a: Hydreigon
|-damage|p2a: Hydreigon|0 fnt
|faint|p2a: Hydreigon
|-damage|p1a: Espeon|222/246|[from] item: Life Orb
|
|upkeep
|
|t:|1776976289
|switch|p2a: Ampharos|Ampharos, L88, F|302/302
|turn|3
|
|t:|1776976296
|move|p1a: Espeon|Psychic|p2a: Ampharos
|-damage|p2a: Ampharos|162/302
|-damage|p1a: Espeon|198/246|[from] item: Life Orb
|move|p2a: Ampharos|Dragon Tail|p1a: Espeon
|-damage|p1a: Espeon|145/246
|drag|p1a: Deoxys|Deoxys-Defense, L84|221/221
|-ability|p1a: Deoxys|Pressure
|
|upkeep
|turn|4
|
|t:|1776976310
|switch|p2a: Vespiquen|Vespiquen, L99, F|299/299
|-ability|p2a: Vespiquen|Pressure
|move|p1a: Deoxys|Night Shade|p2a: Vespiquen
|-damage|p2a: Vespiquen|215/299
|
|upkeep
|turn|5
|
|t:|1776976314
|switch|p1a: Espeon|Espeon, L84, F|145/246
|move|p2a: Vespiquen|Toxic|p1a: Espeon
|move|p1a: Espeon|Toxic|p2a: Vespiquen|[from] ability: Magic Bounce
|-status|p2a: Vespiquen|tox
|
|-damage|p2a: Vespiquen|197/299 tox|[from] psn
|upkeep
|turn|6
|
|t:|1776976317
|move|p1a: Espeon|Morning Sun|p1a: Espeon
|-heal|p1a: Espeon|246/246
|move|p2a: Vespiquen|Spikes|p1a: Espeon
|move|p1a: Espeon|Spikes|p2a: Vespiquen|[from] ability: Magic Bounce
|-sidestart|p2: DarkKnight104|Spikes
|
|-damage|p2a: Vespiquen|161/299 tox|[from] psn
|upkeep
|turn|7
|l|☆DarkKnight104
|inactive|DarkKnight104 disconnected and has a minute to reconnect!
|player|p2|
|inactive|DarkKnight104 has 30 seconds to reconnect!
|inactive|DarkKnight104 has 20 seconds to reconnect!
|inactive|DarkKnight104 has 15 seconds to reconnect!
|inactive|DarkKnight104 has 10 seconds to reconnect!
|inactive|DarkKnight104 has 5 seconds to reconnect!
|-message|DarkKnight104 lost due to inactivity.
|
|win|koroyev1
|raw|koroyev1's rating: 1593 &rarr; <strong>1615</strong><br />(+22 for winning)
|raw|DarkKnight104's rating: 1620 &rarr; <strong>1598</strong><br />(-22 for losing)
