|j|☆kdnwishv
|j|☆pretiii
|t:|1776979335
|gametype|singles
|player|p1|kdnwishv|2|1000
|player|p2|pretiii|elesa|1048
|gen|9
|tier|[Gen 9] Random Battle
|rated|
|rule|Species Clause: Limit one of each Pokémon
|rule|HP Percentage Mod: HP is shown in percentages
|rule|Sleep Clause Mod: Limit one foe put to sleep
|rule|Illusion Level Mod: Illusion disguises the Pokémon's true level
|
|t:|1776979335
|teamsize|p1|6
|teamsize|p2|6
|start
|switch|p1a: Plusle|Plusle, L95, F|268/268
|switch|p2a: Dragonite|Dragonite, L74, M|257/257
|turn|1
|
|t:|1776979357
|switch|p1a: Orthworm|Orthworm, L88, F|266/266
|move|p2a: Dragonite|Dragon Dance|p2a: Dragonite
|-boost|p2a: Dragonite|atk|1
|-boost|p2a: Dragonite|spe|1
|
|upkeep
|turn|2
|
|t:|1776979381
|switch|p2a: Arcanine|Arcanine, L84, M|288/288
|-ability|p2a: Arcanine|Intimidate|boost
|-unboost|p1a: Orthworm|atk|1
|move|p1a: Orthworm|Coil|p1a: Orthworm
|-boost|p1a: Orthworm|atk|1
|-boost|p1a: Orthworm|def|1
|-boost|p1a: Orthworm|accuracy|1
|
|upkeep
|turn|3
|
|t:|1776979396
|switch|p1a: Ursaluna|Ursaluna, L79, F|335/335
|move|p2a: Arcanine|Roar|p1a: Ursaluna
|drag|p1a: Orthworm|Orthworm, L88, F|266/266
|
|upkeep
|turn|4
|
|t:|1776979412
|switch|p2a: Kingdra|Kingdra, L84, M|263/263
|switch|p1a: Ursaluna|Ursaluna, L79, F|335/335
|
|-status|p1a: Ursaluna|brn|[from] item: Flame Orb
|upkeep
|turn|5
|
|t:|1776979421
|move|p2a: Kingdra|Wave Crash|p1a: Ursaluna
|-supereffective|p1a: Ursaluna
|-damage|p1a: Ursaluna|117/335 brn
|-damage|p2a: Kingdra|191/263|[from] Recoil
|move|p1a: Ursaluna|Facade|p2a: Kingdra
|-damage|p2a: Kingdra|0 fnt
|faint|p2a: Kingdra
|
|-damage|p1a: Ursaluna|97/335 brn|[from] brn
|upkeep
|
|t:|1776979433
|switch|p2a: Arboliva|Arboliva, L91, M|288/288
|turn|6
|
|t:|1776979444
|move|p1a: Ursaluna|Facade|p2a: Arboliva
|-damage|p2a: Arboliva|53/288
|-enditem|p2a: Arboliva|Sitrus Berry|[eat]
|-heal|p2a: Arboliva|125/288|[from] item: Sitrus Berry
|move|p2a: Arboliva|Substitute|p2a: Arboliva
|-start|p2a: Arboliva|Substitute
|-damage|p2a: Arboliva|53/288
|
|-damage|p1a: Ursaluna|77/335 brn|[from] brn
|upkeep
|turn|7
|
|t:|1776979461
|move|p1a: Ursaluna|Facade|p2a: Arboliva
|-end|p2a: Arboliva|Substitute
|move|p2a: Arboliva|Leech Seed|p1a: Ursaluna
|-start|p1a: Ursaluna|move: Leech Seed
|
|-damage|p1a: Ursaluna|36/335 brn|[from] Leech Seed|[of] p2a: Arboliva
|-heal|p2a: Arboliva|94/288|[silent]
|-damage|p1a: Ursaluna|16/335 brn|[from] brn
|upkeep
|turn|8
|
|t:|1776979468
|switch|p1a: Plusle|Plusle, L95, F|268/268
|move|p2a: Arboliva|Protect||[still]
|-fail|p2a: Arboliva
|
|-item|p2a: Arboliva|Sitrus Berry|[from] ability: Harvest
|upkeep
|-enditem|p2a: Arboliva|Sitrus Berry|[eat]
|-heal|p2a: Arboliva|166/288|[from] item: Sitrus Berry
|turn|9
|
|t:|1776979487
|move|p1a: Plusle|Encore|p2a: Arboliva
|-start|p2a: Arboliva|Encore
|move|p2a: Arboliva|Protect||[still]
|-fail|p2a: Arboliva
|
|-item|p2a: Arboliva|Sitrus Berry|[from] ability: Harvest
|upkeep
|turn|10
|
|t:|1776979505
|switch|p2a: Klawf|Klawf, L90, M|272/272
|move|p1a: Plusle|Nasty Plot|p1a: Plusle
|-boost|p1a: Plusle|spa|2
|
|upkeep
|turn|11
|
|t:|1776979520
|-terastallize|p2a: Klawf|Ground
|move|p1a: Plusle|Thunderbolt|p2a: Klawf
|-immune|p2a: Klawf
|move|p2a: Klawf|High Horsepower|p1a: Plusle|[miss]
|-miss|p2a: Klawf|p1a: Plusle
|
|upkeep
|turn|12
|
|t:|1776979528
|switch|p1a: Orthworm|Orthworm, L88, F|266/266
|move|p2a: Klawf|Stealth Rock|p1a: Orthworm
|-sidestart|p1: kdnwishv|move: Stealth Rock
|
|upkeep
|turn|13
|
|t:|1776979533
|switch|p2a: Arcanine|Arcanine, L84, M|288/288
|-ability|p2a: Arcanine|Intimidate|boost
|-unboost|p1a: Orthworm|atk|1
|move|p1a: Orthworm|Coil|p1a: Orthworm
|-boost|p1a: Orthworm|atk|1
|-boost|p1a: Orthworm|def|1
|-boost|p1a: Orthworm|accuracy|1
|
|upkeep
|turn|14
|
|t:|1776979540
|move|p1a: Orthworm|Body Press|p2a: Arcanine
|-damage|p2a: Arcanine|151/288
|move|p2a: Arcanine|Roar|p1a: Orthworm
|drag|p1a: Goodra|Goodra, L85, M|292/292
|-damage|p1a: Goodra|256/292|[from] Stealth Rock
|
|upkeep
|turn|15
|
|t:|1776979548
|move|p1a: Goodra|Knock Off|p2a: Arcanine
|-damage|p2a: Arcanine|71/288
|-enditem|p2a: Arcanine|Heavy-Duty Boots|[from] move: Knock Off|[of] p1a: Goodra
|move|p2a: Arcanine|Roar|p1a: Goodra
|drag|p1a: Orthworm|Orthworm, L88, F|266/266
|-damage|p1a: Orthworm|250/266|[from] Stealth Rock
|
|upkeep
|turn|16
|
|t:|1776979566
|switch|p1a: Goodra|Goodra, L85, M|256/292
|-damage|p1a: Goodra|220/292|[from] Stealth Rock
|move|p2a: Arcanine|Morning Sun|p2a: Arcanine
|-heal|p2a: Arcanine|215/288
|
|upkeep
|turn|17
|
|t:|1776979579
|move|p2a: Arcanine|Extreme Speed|p1a: Goodra
|-damage|p1a: Goodra|143/292
|move|p1a: Goodra|Earthquake|p2a: Arcanine
|-supereffective|p2a: Arcanine
|-damage|p2a: Arcanine|55/288
|
|upkeep
|turn|18
|
|t:|1776979585
|move|p2a: Arcanine|Extreme Speed|p1a: Goodra
|-damage|p1a: Goodra|65/292
|move|p1a: Goodra|Scald|p2a: Arcanine
|-supereffective|p2a: Arcanine
|-damage|p2a: Arcanine|0 fnt
|faint|p2a: Arcanine
|
|upkeep
|
|t:|1776979592
|switch|p2a: Dragonite|Dragonite, L74, M|257/257
|turn|19
|
|t:|1776979608
|move|p1a: Goodra|Scald|p2a: Dragonite
|-resisted|p2a: Dragonite
|-damage|p2a: Dragonite|241/257
|move|p2a: Dragonite|Earthquake|p1a: Goodra
|-damage|p1a: Goodra|0 fnt
|faint|p1a: Goodra
|
|upkeep
|
|t:|1776979612
|switch|p1a: Orthworm|Orthworm, L88, F|250/266
|-damage|p1a: Orthworm|234/266|[from] Stealth Rock
|turn|20
|
|t:|1776979625
|switch|p2a: Arboliva|Arboliva, L91, M|166/288
|move|p1a: Orthworm|Coil|p1a: Orthworm
|-boost|p1a: Orthworm|atk|1
|-boost|p1a: Orthworm|def|1
|-boost|p1a: Orthworm|accuracy|1
|
|upkeep
|turn|21
|
|t:|1776979644
|move|p1a: Orthworm|Body Press|p2a: Arboliva
|-supereffective|p2a: Arboliva
|-damage|p2a: Arboliva|0 fnt
|faint|p2a: Arboliva
|
|upkeep
|
|t:|1776979649
|switch|p2a: Oricorio|Oricorio, L84, M|263/263
|turn|22
|
|t:|1776979658
|switch|p1a: Ambipom|Ambipom, L84, F|263/263
|-damage|p1a: Ambipom|231/263|[from] Stealth Rock
|move|p2a: Oricorio|Quiver Dance|p2a: Oricorio
|-boost|p2a: Oricorio|spa|1
|-boost|p2a: Oricorio|spd|1
|-boost|p2a: Oricorio|spe|1
|
|upkeep
|turn|23
|
|t:|1776979667
|-terastallize|p1a: Ambipom|Normal
|move|p1a: Ambipom|Fake Out|p2a: Oricorio
|-damage|p2a: Oricorio|129/263
|cant|p2a: Oricorio|flinch
|
|upkeep
|turn|24
|
|t:|1776979672
|move|p2a: Oricorio|Revelation Dance|p1a: Ambipom
|-damage|p1a: Ambipom|66/263
|move|p1a: Ambipom|Double-Edge|p2a: Oricorio
|-damage|p2a: Oricorio|0 fnt
|faint|p2a: Oricorio
|-damage|p1a: Ambipom|23/263|[from] Recoil
|
|upkeep
|
|t:|1776979683
|switch|p2a: Dragonite|Dragonite, L74, M|241/257
|turn|25
|
|t:|1776979689
|switch|p2a: Klawf|Klawf, L90, M, tera:Ground|272/272
|move|p1a: Ambipom|Double-Edge|p2a: Klawf
|-damage|p2a: Klawf|112/272
|-damage|p1a: Ambipom|0 fnt|[from] Recoil
|faint|p1a: Ambipom
|
|upkeep
|
|t:|1776979692
|switch|p1a: Orthworm|Orthworm, L88, F|234/266
|-damage|p1a: Orthworm|218/266|[from] Stealth Rock
|turn|26
|
|t:|1776979702
|move|p2a: Klawf|Crabhammer|p1a: Orthworm
|-damage|p1a: Orthworm|153/266
|-damage|p2a: Klawf|85/272|[from] item: Life Orb
|move|p1a: Orthworm|Coil|p1a: Orthworm
|-boost|p1a: Orthworm|atk|1
|-boost|p1a: Orthworm|def|1
|-boost|p1a: Orthworm|accuracy|1
|
|upkeep
|turn|27
|
|t:|1776979718
|move|p2a: Klawf|Stone Edge|p1a: Orthworm|[miss]
|-miss|p2a: Klawf|p1a: Orthworm
|move|p1a: Orthworm|Coil|p1a: Orthworm
|-boost|p1a: Orthworm|atk|1
|-boost|p1a: Orthworm|def|1
|-boost|p1a: Orthworm|accuracy|1
|
|upkeep
|turn|28
|
|t:|1776979725
|move|p2a: Klawf|Stone Edge|p1a: Orthworm
|-resisted|p1a: Orthworm
|-damage|p1a: Orthworm|128/266
|-damage|p2a: Klawf|58/272|[from] item: Life Orb
|move|p1a: Orthworm|Rest|p1a: Orthworm
|-status|p1a: Orthworm|slp|[from] move: Rest
|-heal|p1a: Orthworm|266/266 slp|[silent]
|-enditem|p1a: Orthworm|Chesto Berry|[eat]
|-curestatus|p1a: Orthworm|slp|[msg]
|
|upkeep
|turn|29
|
|t:|1776979734
|move|p2a: Klawf|Crabhammer|p1a: Orthworm
|-damage|p1a: Orthworm|230/266
|-damage|p2a: Klawf|31/272|[from] item: Life Orb
|move|p1a: Orthworm|Body Press|p2a: Klawf
|-damage|p2a: Klawf|0 fnt
|faint|p2a: Klawf
|
|upkeep
|
|t:|1776979741
|switch|p2a: Dragonite|Dragonite, L74, M|241/257
|turn|30
|
|t:|1776979746
|move|p1a: Orthworm|Coil|p1a: Orthworm
|-boost|p1a: Orthworm|atk|1
|-boost|p1a: Orthworm|def|1
|-boost|p1a: Orthworm|accuracy|1
|move|p2a: Dragonite|Dragon Dance|p2a: Dragonite
|-boost|p2a: Dragonite|atk|1
|-boost|p2a: Dragonite|spe|1
|
|upkeep
|turn|31
|
|t:|1776979753
|move|p2a: Dragonite|Dragon Dance|p2a: Dragonite
|-boost|p2a: Dragonite|atk|1
|-boost|p2a: Dragonite|spe|1
|move|p1a: Orthworm|Iron Tail|p2a: Dragonite
|-damage|p2a: Dragonite|0 fnt
|faint|p2a: Dragonite
|
|win|kdnwishv
|raw|kdnwishv's rating: 1000 &rarr; <strong>1045</strong><br />(+45 for winning)
|raw|pretiii's rating: 1048 &rarr; <strong>1028</strong><br />(-20 for losing)
|l|☆pretiii
|player|p2|
