|j|☆fegrtdyrtd
|j|☆fdbbvcbfgnvbcnfg
|t:|1776974947
|gametype|singles
|player|p1|fegrtdyrtd|flannery|1000
|player|p2|fdbbvcbfgnvbcnfg|169|1000
|gen|9
|tier|[Gen 9] Random Battle
|rated|
|rule|Species Clause: Limit one of each Pokémon
|rule|HP Percentage Mod: HP is shown in percentages
|rule|Sleep Clause Mod: Limit one foe put to sleep
|rule|Illusion Level Mod: Illusion disguises the Pokémon's true level
|
|t:|1776974947
|teamsize|p1|6
|teamsize|p2|6
|start
|switch|p1a: Rabsca|Rabsca, L91, M|284/284
|switch|p2a: Salazzle|Salazzle, L83, F|249/249
|turn|1
|
|t:|1776974987
|switch|p1a: Barraskewda|Barraskewda, L81, F|231/231
|move|p2a: Salazzle|Fire Blast|p1a: Barraskewda
|-resisted|p1a: Barraskewda
|-damage|p1a: Barraskewda|129/231
|
|upkeep
|turn|2
|
|t:|1776975007
|switch|p2a: Vaporeon|Vaporeon, L86, M|364/364
|move|p1a: Barraskewda|Flip Turn|p2a: Vaporeon
|-immune|p2a: Vaporeon|[from] ability: Water Absorb
|
|upkeep
|turn|3
|
|t:|1776975025
|switch|p1a: Thundurus|Thundurus, L80, M|258/258
|move|p2a: Vaporeon|Scald|p1a: Thundurus
|-damage|p1a: Thundurus|149/258
|
|upkeep
|turn|4
|
|t:|1776975030
|move|p1a: Thundurus|Knock Off|p2a: Vaporeon
|-damage|p2a: Vaporeon|271/364
|-enditem|p2a: Vaporeon|Leftovers|[from] move: Knock Off|[of] p1a: Thundurus
|move|p2a: Vaporeon|Ice Beam|p1a: Thundurus
|-supereffective|p1a: Thundurus
|-damage|p1a: Thundurus|0 fnt
|faint|p1a: Thundurus
|
|upkeep
|
|t:|1776975038
|switch|p1a: Rabsca|Rabsca, L91, M|284/284
|turn|5
|
|t:|1776975042
|move|p2a: Vaporeon|Scald|p1a: Rabsca
|-damage|p1a: Rabsca|202/284
|move|p1a: Rabsca|Revival Blessing|p1a: Rabsca
|
|t:|1776975065
|-heal|p1: Thundurus|129/258|[from] move: Revival Blessing
|
|upkeep
|turn|6
|
|t:|1776975071
|move|p2a: Vaporeon|Scald|p1a: Rabsca
|-damage|p1a: Rabsca|115/284
|move|p1a: Rabsca|Bug Buzz|p2a: Vaporeon
|-damage|p2a: Vaporeon|153/364
|
|upkeep
|turn|7
|
|t:|1776975076
|move|p2a: Vaporeon|Scald|p1a: Rabsca
|-damage|p1a: Rabsca|37/284
|move|p1a: Rabsca|Bug Buzz|p2a: Vaporeon
|-damage|p2a: Vaporeon|30/364
|
|upkeep
|turn|8
|
|t:|1776975080
|move|p2a: Vaporeon|Scald|p1a: Rabsca
|-damage|p1a: Rabsca|0 fnt
|faint|p1a: Rabsca
|
|upkeep
|
|t:|1776975093
|switch|p1a: Thundurus|Thundurus, L80, M|129/258
|turn|9
|
|t:|1776975097
|move|p1a: Thundurus|Knock Off|p2a: Vaporeon
|-damage|p2a: Vaporeon|0 fnt
|faint|p2a: Vaporeon
|
|upkeep
|
|t:|1776975103
|switch|p2a: Salazzle|Salazzle, L83, F|249/249
|turn|10
|
|t:|1776975109
|move|p2a: Salazzle|Fire Blast|p1a: Thundurus|[miss]
|-miss|p2a: Salazzle|p1a: Thundurus
|move|p1a: Thundurus|Knock Off|p2a: Salazzle
|-damage|p2a: Salazzle|157/249
|-enditem|p2a: Salazzle|Heavy-Duty Boots|[from] move: Knock Off|[of] p1a: Thundurus
|
|upkeep
|turn|11
|
|t:|1776975112
|move|p2a: Salazzle|Fire Blast|p1a: Thundurus
|-damage|p1a: Thundurus|0 fnt
|faint|p1a: Thundurus
|
|upkeep
|
|t:|1776975115
|switch|p1a: Barraskewda|Barraskewda, L81, F|129/231
|turn|12
|
|t:|1776975118
|move|p1a: Barraskewda|Flip Turn|p2a: Salazzle
|-supereffective|p2a: Salazzle
|-damage|p2a: Salazzle|0 fnt
|faint|p2a: Salazzle
|
|t:|1776975139
|switch|p1a: Farigiraf|Farigiraf, L90, M|362/362|[from] Flip Turn
|
|upkeep
|
|t:|1776975143
|switch|p2a: Shiftry|Shiftry, L89, M|305/305
|turn|13
|
|t:|1776975181
|move|p2a: Shiftry|Swords Dance|p2a: Shiftry
|-boost|p2a: Shiftry|atk|2
|move|p1a: Farigiraf|Body Slam|p2a: Shiftry
|-damage|p2a: Shiftry|190/305
|-status|p2a: Shiftry|par
|
|upkeep
|turn|14
|
|t:|1776975187
|move|p1a: Farigiraf|Protect|p1a: Farigiraf
|-singleturn|p1a: Farigiraf|Protect
|cant|p2a: Shiftry|par
|
|upkeep
|turn|15
|
|t:|1776975189
|move|p1a: Farigiraf|Body Slam|p2a: Shiftry
|-damage|p2a: Shiftry|69/305 par
|move|p2a: Shiftry|Knock Off|p1a: Farigiraf
|-supereffective|p1a: Farigiraf
|-damage|p1a: Farigiraf|0 fnt
|-enditem|p1a: Farigiraf|Leftovers|[from] move: Knock Off|[of] p2a: Shiftry
|faint|p1a: Farigiraf
|-damage|p2a: Shiftry|39/305 par|[from] item: Life Orb
|
|upkeep
|
|t:|1776975199
|switch|p1a: Darkrai|Darkrai, L77|234/234
|turn|16
|
|t:|1776975202
|move|p1a: Darkrai|Substitute|p1a: Darkrai
|-start|p1a: Darkrai|Substitute
|-damage|p1a: Darkrai|176/234
|move|p2a: Shiftry|Leaf Blade|p1a: Darkrai
|-crit|p1a: Darkrai
|-end|p1a: Darkrai|Substitute
|-damage|p2a: Shiftry|9/305 par|[from] item: Life Orb
|
|-heal|p1a: Darkrai|190/234|[from] item: Leftovers
|upkeep
|turn|17
|
|t:|1776975209
|move|p1a: Darkrai|Substitute|p1a: Darkrai
|-start|p1a: Darkrai|Substitute
|-damage|p1a: Darkrai|132/234
|move|p2a: Shiftry|Knock Off|p1a: Darkrai
|-resisted|p1a: Darkrai
|-end|p1a: Darkrai|Substitute
|-damage|p2a: Shiftry|0 fnt|[from] item: Life Orb
|faint|p2a: Shiftry
|
|-heal|p1a: Darkrai|146/234|[from] item: Leftovers
|upkeep
|
|t:|1776975214
|switch|p2a: Noivern|Noivern, L82, F|274/274
|turn|18
|
|t:|1776975221
|move|p2a: Noivern|Draco Meteor|p1a: Darkrai|[miss]
|-miss|p2a: Noivern|p1a: Darkrai
|move|p1a: Darkrai|Dark Pulse|p2a: Noivern
|-damage|p2a: Noivern|177/274
|
|-heal|p1a: Darkrai|160/234|[from] item: Leftovers
|upkeep
|turn|19
|
|t:|1776975224
|move|p2a: Noivern|Hurricane|p1a: Darkrai
|-damage|p1a: Darkrai|45/234
|-start|p1a: Darkrai|confusion
|-activate|p1a: Darkrai|confusion
|move|p1a: Darkrai|Sludge Bomb|p2a: Noivern
|-damage|p2a: Noivern|99/274
|
|-heal|p1a: Darkrai|59/234|[from] item: Leftovers
|upkeep
|turn|20
|
|t:|1776975232
|move|p2a: Noivern|Roost|p2a: Noivern
|-heal|p2a: Noivern|236/274
|-singleturn|p2a: Noivern|move: Roost
|-end|p1a: Darkrai|confusion
|move|p1a: Darkrai|Dark Pulse|p2a: Noivern
|-damage|p2a: Noivern|134/274
|
|-heal|p1a: Darkrai|73/234|[from] item: Leftovers
|upkeep
|turn|21
|
|t:|1776975236
|move|p2a: Noivern|Flamethrower|p1a: Darkrai
|-damage|p1a: Darkrai|10/234
|-status|p1a: Darkrai|brn
|move|p1a: Darkrai|Dark Pulse|p2a: Noivern
|-damage|p2a: Noivern|37/274
|
|-heal|p1a: Darkrai|24/234 brn|[from] item: Leftovers
|-damage|p1a: Darkrai|10/234 brn|[from] brn
|upkeep
|turn|22
|
|t:|1776975240
|move|p2a: Noivern|Roost|p2a: Noivern
|-heal|p2a: Noivern|174/274
|-singleturn|p2a: Noivern|move: Roost
|move|p1a: Darkrai|Dark Pulse|p2a: Noivern
|-damage|p2a: Noivern|72/274
|
|-heal|p1a: Darkrai|24/234 brn|[from] item: Leftovers
|-damage|p1a: Darkrai|10/234 brn|[from] brn
|upkeep
|turn|23
|
|t:|1776975243
|move|p2a: Noivern|Roost|p2a: Noivern
|-heal|p2a: Noivern|209/274
|-singleturn|p2a: Noivern|move: Roost
|move|p1a: Darkrai|Dark Pulse|p2a: Noivern
|-damage|p2a: Noivern|100/274
|
|-heal|p1a: Darkrai|24/234 brn|[from] item: Leftovers
|-damage|p1a: Darkrai|10/234 brn|[from] brn
|upkeep
|turn|24
|
|t:|1776975246
|move|p2a: Noivern|Roost|p2a: Noivern
|-heal|p2a: Noivern|237/274
|-singleturn|p2a: Noivern|move: Roost
|move|p1a: Darkrai|Nasty Plot|p1a: Darkrai
|-boost|p1a: Darkrai|spa|2
|
|-heal|p1a: Darkrai|24/234 brn|[from] item: Leftovers
|-damage|p1a: Darkrai|10/234 brn|[from] brn
|upkeep
|turn|25
|
|t:|1776975249
|move|p2a: Noivern|Flamethrower|p1a: Darkrai
|-damage|p1a: Darkrai|0 fnt
|faint|p1a: Darkrai
|
|upkeep
|
|t:|1776975252
|switch|p1a: Dragonite|Dragonite, L74, M|257/257
|turn|26
|
|t:|1776975256
|-terastallize|p1a: Dragonite|Ground
|move|p2a: Noivern|Hurricane|p1a: Dragonite
|-damage|p1a: Dragonite|200/257
|-start|p1a: Dragonite|confusion
|-activate|p1a: Dragonite|confusion
|move|p1a: Dragonite|Dragon Dance|p1a: Dragonite
|-boost|p1a: Dragonite|atk|1
|-boost|p1a: Dragonite|spe|1
|
|upkeep
|turn|27
|
|t:|1776975266
|move|p2a: Noivern|Draco Meteor|p1a: Dragonite
|-crit|p1a: Dragonite
|-damage|p1a: Dragonite|0 fnt
|-unboost|p2a: Noivern|spa|2
|faint|p1a: Dragonite
|
|upkeep
|-message|fegrtdyrtd forfeited.
|
|win|fdbbvcbfgnvbcnfg
|raw|fegrtdyrtd's rating: 1000 &rarr; <strong>1000</strong><br />(+0 for losing)
|raw|fdbbvcbfgnvbcnfg's rating: 1040 &rarr; <strong>1070</strong><br />(+30 for winning)
|l|☆fegrtdyrtd
|player|p1|
