|j|☆G-flare
|j|☆smdban
|t:|1776978522
|gametype|singles
|player|p1|G-flare|blue|1119
|player|p2|smdban|265|1137
|gen|9
|tier|[Gen 9] Random Battle
|rated|
|rule|Species Clause: Limit one of each Pokémon
|rule|HP Percentage Mod: HP is shown in percentages
|rule|Sleep Clause Mod: Limit one foe put to sleep
|rule|Illusion Level Mod: Illusion disguises the Pokémon's true level
|
|t:|1776978522
|teamsize|p1|6
|teamsize|p2|6
|start
|switch|p1a: Maushold|Maushold-Four, L76|238/238
|switch|p2a: Brambleghast|Brambleghast, L88, M|240/240
|turn|1
|
|t:|1776978536
|move|p1a: Maushold|Bite|p2a: Brambleghast
|-supereffective|p2a: Brambleghast
|-damage|p2a: Brambleghast|138/240
|move|p2a: Brambleghast|Leech Seed|p1a: Maushold
|-start|p1a: Maushold|move: Leech Seed
|
|-heal|p2a: Brambleghast|153/240|[from] item: Leftovers
|-damage|p1a: Maushold|209/238|[from] Leech Seed|[of] p2a: Brambleghast
|-heal|p2a: Brambleghast|182/240|[silent]
|upkeep
|turn|2
|inactive|Battle timer is ON: inactive players will automatically lose when time's up. (requested by G-flare)
|
|t:|1776978546
|switch|p1a: Meowscarada|Meowscarada, L78, F|247/247
|move|p2a: Brambleghast|Substitute|p2a: Brambleghast
|-start|p2a: Brambleghast|Substitute
|-damage|p2a: Brambleghast|122/240
|
|-heal|p2a: Brambleghast|137/240|[from] item: Leftovers
|upkeep
|turn|3
|
|t:|1776978564
|move|p1a: Meowscarada|Knock Off|p2a: Brambleghast
|-start|p1a: Meowscarada|typechange|Dark|[from] ability: Protean
|-supereffective|p2a: Brambleghast
|-end|p2a: Brambleghast|Substitute
|move|p2a: Brambleghast|Poltergeist|p1a: Meowscarada
|-activate|p1a: Meowscarada|move: Poltergeist|Heavy-Duty Boots
|-resisted|p1a: Meowscarada
|-damage|p1a: Meowscarada|154/247
|
|-heal|p2a: Brambleghast|152/240|[from] item: Leftovers
|upkeep
|turn|4
|inactive|smdban has 120 seconds left.
|
|t:|1776978597
|-terastallize|p2a: Brambleghast|Steel
|move|p1a: Meowscarada|Knock Off|p2a: Brambleghast
|-damage|p2a: Brambleghast|37/240
|-enditem|p2a: Brambleghast|Leftovers|[from] move: Knock Off|[of] p1a: Meowscarada
|move|p2a: Brambleghast|Leech Seed|p1a: Meowscarada
|-start|p1a: Meowscarada|move: Leech Seed
|
|-damage|p1a: Meowscarada|124/247|[from] Leech Seed|[of] p2a: Brambleghast
|-heal|p2a: Brambleghast|67/240|[silent]
|upkeep
|turn|5
|inactive|smdban has 120 seconds left.
|
|t:|1776978623
|switch|p1a: Appletun|Appletun, L92, F|352/352
|move|p2a: Brambleghast|Substitute|p2a: Brambleghast
|-start|p2a: Brambleghast|Substitute
|-damage|p2a: Brambleghast|7/240
|
|upkeep
|turn|6
|
|t:|1776978633
|move|p2a: Brambleghast|Poltergeist|p1a: Appletun
|-activate|p1a: Appletun|move: Poltergeist|Leftovers
|-damage|p1a: Appletun|217/352
|move|p1a: Appletun|Apple Acid|p2a: Brambleghast
|-resisted|p2a: Brambleghast
|-crit|p2a: Brambleghast
|-end|p2a: Brambleghast|Substitute
|
|-heal|p1a: Appletun|239/352|[from] item: Leftovers
|upkeep
|turn|7
|
|t:|1776978641
|move|p2a: Brambleghast|Poltergeist|p1a: Appletun
|-activate|p1a: Appletun|move: Poltergeist|Leftovers
|-damage|p1a: Appletun|103/352
|move|p1a: Appletun|Apple Acid|p2a: Brambleghast
|-resisted|p2a: Brambleghast
|-damage|p2a: Brambleghast|0 fnt
|faint|p2a: Brambleghast
|
|-heal|p1a: Appletun|125/352|[from] item: Leftovers
|upkeep
|
|t:|1776978665
|switch|p2a: Cryogonal|Cryogonal, L89|287/287
|turn|8
|
|t:|1776978673
|move|p2a: Cryogonal|Freeze-Dry|p1a: Appletun
|-supereffective|p1a: Appletun
|-damage|p1a: Appletun|0 fnt
|faint|p1a: Appletun
|
|upkeep
|
|t:|1776978683
|switch|p1a: Hawlucha|Hawlucha, L80, F|256/256
|turn|9
|
|t:|1776978694
|move|p2a: Cryogonal|Freeze-Dry|p1a: Hawlucha
|-supereffective|p1a: Hawlucha
|-damage|p1a: Hawlucha|44/256
|move|p1a: Hawlucha|Swords Dance|p1a: Hawlucha
|-boost|p1a: Hawlucha|atk|2
|
|upkeep
|turn|10
|
|t:|1776978708
|move|p2a: Cryogonal|Freeze-Dry|p1a: Hawlucha
|-supereffective|p1a: Hawlucha
|-damage|p1a: Hawlucha|0 fnt
|faint|p1a: Hawlucha
|
|upkeep
|
|t:|1776978712
|switch|p1a: Chandelure|Chandelure, L83, F|235/235
|turn|11
|
|t:|1776978717
|switch|p2a: Vaporeon|Vaporeon, L86, M|364/364
|move|p1a: Chandelure|Calm Mind|p1a: Chandelure
|-boost|p1a: Chandelure|spa|1
|-boost|p1a: Chandelure|spd|1
|
|upkeep
|turn|12
|
|t:|1776978723
|move|p1a: Chandelure|Shadow Ball|p2a: Vaporeon
|-damage|p2a: Vaporeon|196/364
|move|p2a: Vaporeon|Wish|p2a: Vaporeon
|
|-heal|p2a: Vaporeon|218/364|[from] item: Leftovers
|upkeep
|turn|13
|
|t:|1776978728
|move|p1a: Chandelure|Calm Mind|p1a: Chandelure
|-boost|p1a: Chandelure|spa|1
|-boost|p1a: Chandelure|spd|1
|move|p2a: Vaporeon|Scald|p1a: Chandelure
|-supereffective|p1a: Chandelure
|-damage|p1a: Chandelure|133/235
|
|-heal|p2a: Vaporeon|364/364|[from] move: Wish|[wisher] Vaporeon
|upkeep
|turn|14
|
|t:|1776978736
|move|p1a: Chandelure|Pain Split|p2a: Vaporeon
|-sethp|p2a: Vaporeon|248/364|[from] move: Pain Split|[silent]
|-sethp|p1a: Chandelure|235/235|[from] move: Pain Split
|move|p2a: Vaporeon|Scald|p1a: Chandelure
|-supereffective|p1a: Chandelure
|-damage|p1a: Chandelure|137/235
|
|-heal|p2a: Vaporeon|270/364|[from] item: Leftovers
|upkeep
|turn|15
|
|t:|1776978742
|move|p1a: Chandelure|Pain Split|p2a: Vaporeon
|-sethp|p2a: Vaporeon|203/364|[from] move: Pain Split|[silent]
|-sethp|p1a: Chandelure|203/235|[from] move: Pain Split
|move|p2a: Vaporeon|Wish|p2a: Vaporeon
|
|-heal|p2a: Vaporeon|225/364|[from] item: Leftovers
|upkeep
|turn|16
|
|t:|1776978752
|move|p1a: Chandelure|Calm Mind|p1a: Chandelure
|-boost|p1a: Chandelure|spa|1
|-boost|p1a: Chandelure|spd|1
|move|p2a: Vaporeon|Calm Mind|p2a: Vaporeon
|-boost|p2a: Vaporeon|spa|1
|-boost|p2a: Vaporeon|spd|1
|
|-heal|p2a: Vaporeon|364/364|[from] move: Wish|[wisher] Vaporeon
|upkeep
|turn|17
|
|t:|1776978759
|move|p1a: Chandelure|Shadow Ball|p2a: Vaporeon
|-damage|p2a: Vaporeon|202/364
|-unboost|p2a: Vaporeon|spd|1
|move|p2a: Vaporeon|Calm Mind|p2a: Vaporeon
|-boost|p2a: Vaporeon|spa|1
|-boost|p2a: Vaporeon|spd|1
|
|-heal|p2a: Vaporeon|224/364|[from] item: Leftovers
|upkeep
|turn|18
|
|t:|1776978764
|move|p1a: Chandelure|Shadow Ball|p2a: Vaporeon
|-damage|p2a: Vaporeon|55/364
|move|p2a: Vaporeon|Wish|p2a: Vaporeon
|
|-heal|p2a: Vaporeon|77/364|[from] item: Leftovers
|upkeep
|turn|19
|
|t:|1776978772
|move|p2a: Vaporeon|Protect|p2a: Vaporeon
|-singleturn|p2a: Vaporeon|Protect
|move|p1a: Chandelure|Calm Mind|p1a: Chandelure
|-boost|p1a: Chandelure|spa|1
|-boost|p1a: Chandelure|spd|1
|
|-heal|p2a: Vaporeon|259/364|[from] move: Wish|[wisher] Vaporeon
|-heal|p2a: Vaporeon|281/364|[from] item: Leftovers
|upkeep
|turn|20
|
|t:|1776978780
|move|p1a: Chandelure|Shadow Ball|p2a: Vaporeon
|-damage|p2a: Vaporeon|55/364
|move|p2a: Vaporeon|Scald|p1a: Chandelure
|-supereffective|p1a: Chandelure
|-damage|p1a: Chandelure|63/235
|
|-heal|p2a: Vaporeon|77/364|[from] item: Leftovers
|upkeep
|turn|21
|
|t:|1776978787
|move|p1a: Chandelure|Shadow Ball|p2a: Vaporeon
|-damage|p2a: Vaporeon|0 fnt
|faint|p2a: Vaporeon
|
|upkeep
|inactive|smdban has 120 seconds left.
|
|t:|1776978822
|switch|p2a: Metagross|Metagross, L79|256/256
|turn|22
|
|t:|1776978827
|move|p1a: Chandelure|Shadow Ball|p2a: Metagross
|-supereffective|p2a: Metagross
|-damage|p2a: Metagross|0 fnt
|faint|p2a: Metagross
|
|upkeep
|
|t:|1776978834
|switch|p2a: Misdreavus|Misdreavus, L90, F|254/254
|turn|23
|
|t:|1776978838
|move|p2a: Misdreavus|Shadow Ball|p1a: Chandelure
|-supereffective|p1a: Chandelure
|-damage|p1a: Chandelure|1/235
|move|p1a: Chandelure|Shadow Ball|p2a: Misdreavus
|-supereffective|p2a: Misdreavus
|-damage|p2a: Misdreavus|0 fnt
|faint|p2a: Misdreavus
|
|upkeep
|
|t:|1776978842
|switch|p2a: Cryogonal|Cryogonal, L89|287/287
|turn|24
|
|t:|1776978849
|move|p2a: Cryogonal|Freeze-Dry|p1a: Chandelure
|-resisted|p1a: Chandelure
|-damage|p1a: Chandelure|0 fnt
|faint|p1a: Chandelure
|
|upkeep
|
|t:|1776978854
|switch|p1a: Meowscarada|Meowscarada, L78, F|124/247
|turn|25
|
|t:|1776978863
|move|p2a: Cryogonal|Freeze-Dry|p1a: Meowscarada
|-supereffective|p1a: Meowscarada
|-damage|p1a: Meowscarada|0 fnt
|faint|p1a: Meowscarada
|
|upkeep
|
|t:|1776978867
|switch|p1a: Maushold|Maushold-Four, L76|209/238
|turn|26
|
|t:|1776978875
|move|p2a: Cryogonal|Freeze-Dry|p1a: Maushold
|-damage|p1a: Maushold|103/238
|move|p1a: Maushold|Tidy Up|p1a: Maushold
|-boost|p1a: Maushold|atk|1
|-boost|p1a: Maushold|spe|1
|
|upkeep
|turn|27
|
|t:|1776978882
|-terastallize|p1a: Maushold|Normal
|move|p1a: Maushold|Population Bomb|p2a: Cryogonal
|-damage|p2a: Cryogonal|223/287
|-damage|p2a: Cryogonal|165/287
|-damage|p2a: Cryogonal|103/287
|-damage|p2a: Cryogonal|45/287
|-damage|p2a: Cryogonal|0 fnt
|faint|p2a: Cryogonal
|-hitcount|p2: Cryogonal|5
|
|upkeep
|
|t:|1776978884
|switch|p2a: Noctowl|Noctowl, L95, F|344/344
|turn|28
|
|t:|1776978895
|move|p1a: Maushold|Population Bomb|p2a: Noctowl
|-damage|p2a: Noctowl|290/344
|-damage|p2a: Noctowl|230/344
|-damage|p2a: Noctowl|170/344
|-damage|p2a: Noctowl|114/344
|-damage|p2a: Noctowl|60/344
|-damage|p2a: Noctowl|2/344
|-damage|p2a: Noctowl|0 fnt
|faint|p2a: Noctowl
|-hitcount|p2: Noctowl|7
|
|win|G-flare
|raw|G-flare's rating: 1119 &rarr; <strong>1145</strong><br />(+26 for winning)
|raw|smdban's rating: 1137 &rarr; <strong>1111</strong><br />(-26 for losing)
|l|☆smdban
|player|p2|
|l|☆G-flare
|player|p1|
|j|☆G-flare
|player|p1|G-flare|blue|
