|j|☆Nonnettasprint09
|j|☆jjjjuao ppp
|t:|1776983849
|gametype|singles
|player|p1|Nonnettasprint09|265|1126
|player|p2|jjjjuao ppp|dancer|1089
|gen|9
|tier|[Gen 9] Random Battle
|rated|
|rule|Species Clause: Limit one of each Pokémon
|rule|HP Percentage Mod: HP is shown in percentages
|rule|Sleep Clause Mod: Limit one foe put to sleep
|rule|Illusion Level Mod: Illusion disguises the Pokémon's true level
|
|t:|1776983849
|teamsize|p1|6
|teamsize|p2|6
|start
|switch|p1a: Golem|Golem, L87, M|281/281
|switch|p2a: Kilowattrel|Kilowattrel, L83, F|252/252
|turn|1
|
|t:|1776983861
|switch|p2a: Oinkologne|Oinkologne, L92, M|352/352
|move|p1a: Golem|Stone Edge|p2a: Oinkologne
|-crit|p2a: Oinkologne
|-damage|p2a: Oinkologne|150/352
|
|-heal|p2a: Oinkologne|172/352|[from] item: Leftovers
|upkeep
|turn|2
|inactive|Battle timer is ON: inactive players will automatically lose when time's up. (requested by Nonnettasprint09)
|
|t:|1776983876
|move|p2a: Oinkologne|High Horsepower|p1a: Golem
|-supereffective|p1a: Golem
|-damage|p1a: Golem|173/281
|move|p1a: Golem|Stone Edge|p2a: Oinkologne|[miss]
|-miss|p1a: Golem|p2a: Oinkologne
|
|-heal|p2a: Oinkologne|194/352|[from] item: Leftovers
|upkeep
|turn|3
|
|t:|1776983888
|switch|p1a: Latias|Latias, L79, F|256/256
|move|p2a: Oinkologne|Curse|p2a: Oinkologne
|-unboost|p2a: Oinkologne|spe|1
|-boost|p2a: Oinkologne|atk|1
|-boost|p2a: Oinkologne|def|1
|
|-heal|p2a: Oinkologne|216/352|[from] item: Leftovers
|upkeep
|turn|4
|
|t:|1776983900
|move|p1a: Latias|Calm Mind|p1a: Latias
|-boost|p1a: Latias|spa|1
|-boost|p1a: Latias|spd|1
|move|p2a: Oinkologne|Lash Out|p1a: Latias
|-supereffective|p1a: Latias
|-damage|p1a: Latias|56/256
|
|-heal|p2a: Oinkologne|238/352|[from] item: Leftovers
|upkeep
|turn|5
|
|t:|1776983910
|move|p1a: Latias|Draco Meteor|p2a: Oinkologne
|-damage|p2a: Oinkologne|0 fnt
|-unboost|p1a: Latias|spa|2
|faint|p2a: Oinkologne
|
|upkeep
|
|t:|1776983920
|switch|p2a: Iron Jugulis|Iron Jugulis, L77|271/271
|turn|6
|
|t:|1776983927
|-terastallize|p2a: Iron Jugulis|Dark
|move|p1a: Latias|Draco Meteor|p2a: Iron Jugulis
|-damage|p2a: Iron Jugulis|135/271
|-unboost|p1a: Latias|spa|2
|move|p2a: Iron Jugulis|Dark Pulse|p1a: Latias
|-supereffective|p1a: Latias
|-damage|p1a: Latias|0 fnt
|faint|p1a: Latias
|
|upkeep
|
|t:|1776983941
|switch|p1a: Vigoroth|Vigoroth, L85, F|275/275
|turn|7
|
|t:|1776983951
|move|p2a: Iron Jugulis|Earth Power|p1a: Vigoroth
|-damage|p1a: Vigoroth|220/275
|move|p1a: Vigoroth|Body Slam|p2a: Iron Jugulis
|-damage|p2a: Iron Jugulis|47/271
|-status|p2a: Iron Jugulis|par
|
|upkeep
|turn|8
|
|t:|1776983960
|move|p1a: Vigoroth|Body Slam|p2a: Iron Jugulis
|-damage|p2a: Iron Jugulis|0 fnt
|faint|p2a: Iron Jugulis
|-end|p2a: Iron Jugulis|Quark Drive|[silent]
|
|upkeep
|
|t:|1776983964
|switch|p2a: Inteleon|Inteleon, L81, F|246/246
|turn|9
|
|t:|1776983980
|move|p2a: Inteleon|Ice Beam|p1a: Vigoroth
|-damage|p1a: Vigoroth|114/275
|move|p1a: Vigoroth|Knock Off|p2a: Inteleon
|-damage|p2a: Inteleon|171/246
|-enditem|p2a: Inteleon|Choice Specs|[from] move: Knock Off|[of] p1a: Vigoroth
|
|upkeep
|turn|10
|
|t:|1776983988
|move|p2a: Inteleon|Ice Beam|p1a: Vigoroth
|-damage|p1a: Vigoroth|50/275
|move|p1a: Vigoroth|Slack Off|p1a: Vigoroth
|-heal|p1a: Vigoroth|188/275
|
|upkeep
|turn|11
|
|t:|1776984001
|move|p2a: Inteleon|Hydro Pump|p1a: Vigoroth
|-damage|p1a: Vigoroth|68/275
|move|p1a: Vigoroth|Body Slam|p2a: Inteleon
|-crit|p2a: Inteleon
|-damage|p2a: Inteleon|27/246
|
|upkeep
|turn|12
|
|t:|1776984008
|move|p2a: Inteleon|U-turn|p1a: Vigoroth
|-damage|p1a: Vigoroth|38/275
|
|t:|1776984016
|switch|p2a: Houndoom|Houndoom, L87, F|272/272|[from] U-turn
|move|p1a: Vigoroth|Slack Off|p1a: Vigoroth
|-heal|p1a: Vigoroth|176/275
|
|upkeep
|turn|13
|
|t:|1776984024
|move|p2a: Houndoom|Sucker Punch|p1a: Vigoroth
|-damage|p1a: Vigoroth|124/275
|move|p1a: Vigoroth|Knock Off|p2a: Houndoom
|-resisted|p2a: Houndoom
|-damage|p2a: Houndoom|232/272
|-enditem|p2a: Houndoom|Heavy-Duty Boots|[from] move: Knock Off|[of] p1a: Vigoroth
|
|upkeep
|turn|14
|
|t:|1776984033
|move|p2a: Houndoom|Fire Blast|p1a: Vigoroth
|-damage|p1a: Vigoroth|0 fnt
|faint|p1a: Vigoroth
|
|upkeep
|
|t:|1776984039
|switch|p1a: Klefki|Klefki, L84, F|233/233
|turn|15
|
|t:|1776984043
|move|p1a: Klefki|Thunder Wave|p2a: Houndoom
|-hint|Since gen 7, Dark is immune to Prankster moves.
|-immune|p2a: Houndoom
|move|p2a: Houndoom|Dark Pulse|p1a: Klefki
|-resisted|p1a: Klefki
|-damage|p1a: Klefki|186/233
|
|-heal|p1a: Klefki|200/233|[from] item: Leftovers
|upkeep
|turn|16
|
|t:|1776984054
|switch|p1a: Golem|Golem, L87, M|173/281
|move|p2a: Houndoom|Fire Blast|p1a: Golem|[miss]
|-miss|p2a: Houndoom|p1a: Golem
|
|upkeep
|turn|17
|
|t:|1776984063
|move|p2a: Houndoom|Dark Pulse|p1a: Golem
|-crit|p1a: Golem
|-damage|p1a: Golem|0 fnt
|faint|p1a: Golem
|
|upkeep
|
|t:|1776984069
|switch|p1a: Espathra|Espathra, L80, F|283/283
|turn|18
|
|t:|1776984073
|move|p2a: Houndoom|Dark Pulse|p1a: Espathra
|-supereffective|p1a: Espathra
|-damage|p1a: Espathra|0 fnt
|faint|p1a: Espathra
|
|upkeep
|
|t:|1776984079
|switch|p1a: Roaring Moon|Roaring Moon, L72|270/270
|turn|19
|
|t:|1776984086
|move|p2a: Houndoom|Fire Blast|p1a: Roaring Moon
|-resisted|p1a: Roaring Moon
|-damage|p1a: Roaring Moon|197/270
|move|p1a: Roaring Moon|Earthquake|p2a: Houndoom
|-supereffective|p2a: Houndoom
|-damage|p2a: Houndoom|38/272
|
|upkeep
|turn|20
|
|t:|1776984095
|move|p2a: Houndoom|Dark Pulse|p1a: Roaring Moon
|-resisted|p1a: Roaring Moon
|-damage|p1a: Roaring Moon|148/270
|cant|p1a: Roaring Moon|flinch
|
|upkeep
|turn|21
|
|t:|1776984101
|move|p2a: Houndoom|Sludge Bomb|p1a: Roaring Moon
|-damage|p1a: Roaring Moon|63/270
|move|p1a: Roaring Moon|Earthquake|p2a: Houndoom
|-supereffective|p2a: Houndoom
|-damage|p2a: Houndoom|0 fnt
|faint|p2a: Houndoom
|
|upkeep
|
|t:|1776984109
|switch|p2a: Kilowattrel|Kilowattrel, L83, F|252/252
|turn|22
|
|t:|1776984116
|move|p2a: Kilowattrel|Thunderbolt|p1a: Roaring Moon
|-resisted|p1a: Roaring Moon
|-crit|p1a: Roaring Moon
|-damage|p1a: Roaring Moon|0 fnt
|faint|p1a: Roaring Moon
|-end|p1a: Roaring Moon|Protosynthesis|[silent]
|
|upkeep
|
|t:|1776984121
|switch|p1a: Klefki|Klefki, L84, F|200/233
|turn|23
|
|t:|1776984129
|move|p2a: Kilowattrel|Thunderbolt|p1a: Klefki
|-damage|p1a: Klefki|98/233
|move|p1a: Klefki|Play Rough|p2a: Kilowattrel
|-damage|p2a: Kilowattrel|132/252
|
|-heal|p1a: Klefki|112/233|[from] item: Leftovers
|upkeep
|turn|24
|
|t:|1776984138
|move|p2a: Kilowattrel|U-turn|p1a: Klefki
|-resisted|p1a: Klefki
|-damage|p1a: Klefki|103/233
|
|t:|1776984144
|switch|p2a: Okidogi|Okidogi, L77, M|262/262|[from] U-turn
|move|p1a: Klefki|Play Rough|p2a: Okidogi
|-damage|p2a: Okidogi|192/262
|
|-heal|p1a: Klefki|117/233|[from] item: Leftovers
|upkeep
|turn|25
|
|t:|1776984155
|move|p1a: Klefki|Play Rough|p2a: Okidogi
|-damage|p2a: Okidogi|114/262
|move|p2a: Okidogi|Knock Off|p1a: Klefki
|-resisted|p1a: Klefki
|-damage|p1a: Klefki|82/233
|-enditem|p1a: Klefki|Leftovers|[from] move: Knock Off|[of] p2a: Okidogi
|
|upkeep
|turn|26
|
|t:|1776984165
|move|p1a: Klefki|Spikes|p2a: Okidogi
|-sidestart|p2: jjjjuao ppp|Spikes
|move|p2a: Okidogi|Gunk Shot|p1a: Klefki
|-immune|p1a: Klefki
|
|upkeep
|turn|27
|
|t:|1776984175
|move|p1a: Klefki|Thunder Wave|p2a: Okidogi
|-status|p2a: Okidogi|par
|move|p2a: Okidogi|Knock Off|p1a: Klefki
|-resisted|p1a: Klefki
|-damage|p1a: Klefki|59/233
|
|upkeep
|turn|28
|
|t:|1776984183
|move|p1a: Klefki|Play Rough|p2a: Okidogi
|-damage|p2a: Okidogi|41/262 par
|move|p2a: Okidogi|High Horsepower|p1a: Klefki
|-supereffective|p1a: Klefki
|-damage|p1a: Klefki|0 fnt
|faint|p1a: Klefki
|
|win|jjjjuao ppp
|raw|Nonnettasprint09's rating: 1126 &rarr; <strong>1098</strong><br />(-28 for losing)
|raw|jjjjuao ppp's rating: 1089 &rarr; <strong>1118</strong><br />(+29 for winning)
|l|☆Nonnettasprint09
|player|p1|
