|j|☆Caesarius
|j|☆bodiddily
|t:|1772745197
|gametype|singles
|player|p1|Caesarius|265|1313
|player|p2|bodiddily|1|1325
|gen|9
|tier|[Gen 9] Random Battle
|rated|
|rule|Species Clause: Limit one of each Pokémon
|rule|HP Percentage Mod: HP is shown in percentages
|rule|Sleep Clause Mod: Limit one foe put to sleep
|rule|Illusion Level Mod: Illusion disguises the Pokémon's true level
|
|t:|1772745197
|teamsize|p1|6
|teamsize|p2|6
|start
|switch|p1a: Gliscor|Gliscor, L76, M|239/239
|switch|p2a: Masquerain|Masquerain, L87, M|264/264
|-ability|p2a: Masquerain|Intimidate|boost
|-unboost|p1a: Gliscor|atk|1
|turn|1
|inactive|Battle timer is ON: inactive players will automatically lose when time's up. (requested by Caesarius)
|
|t:|1772745219
|move|p2a: Masquerain|Sticky Web|p1a: Gliscor
|-sidestart|p1: Caesarius|move: Sticky Web
|move|p1a: Gliscor|Toxic|p2a: Masquerain|[miss]
|-miss|p1a: Gliscor|p2a: Masquerain
|
|-status|p1a: Gliscor|tox|[from] item: Toxic Orb
|upkeep
|turn|2
|
|t:|1772745232
|switch|p2a: Amoonguss|Amoonguss, L82, M|321/321
|move|p1a: Gliscor|Knock Off|p2a: Amoonguss
|-damage|p2a: Amoonguss|274/321
|-enditem|p2a: Amoonguss|Leftovers|[from] move: Knock Off|[of] p1a: Gliscor
|
|upkeep
|turn|3
|
|t:|1772745245
|move|p1a: Gliscor|Earthquake|p2a: Amoonguss
|-crit|p2a: Amoonguss
|-damage|p2a: Amoonguss|109/321
|move|p2a: Amoonguss|Giga Drain|p1a: Gliscor
|-damage|p1a: Gliscor|155/239 tox
|-heal|p2a: Amoonguss|151/321|[from] drain|[of] p1a: Gliscor
|
|-heal|p1a: Gliscor|184/239 tox|[from] ability: Poison Heal
|upkeep
|turn|4
|
|t:|1772745257
|switch|p2a: Masquerain|Masquerain, L87, M|264/264
|-ability|p2a: Masquerain|Intimidate|boost
|-unboost|p1a: Gliscor|atk|1
|move|p1a: Gliscor|Earthquake|p2a: Masquerain
|-immune|p2a: Masquerain
|
|-heal|p1a: Gliscor|213/239 tox|[from] ability: Poison Heal
|upkeep
|turn|5
|
|t:|1772745280
|switch|p2a: Amoonguss|Amoonguss, L82, M|258/321
|move|p1a: Gliscor|Knock Off|p2a: Amoonguss
|-damage|p2a: Amoonguss|235/321
|
|-heal|p1a: Gliscor|239/239 tox|[from] ability: Poison Heal
|upkeep
|turn|6
|
|t:|1772745296
|switch|p1a: Weezing|Weezing-Galar, L86, F|252/252
|move|p2a: Amoonguss|Giga Drain|p1a: Weezing
|-resisted|p1a: Weezing
|-damage|p1a: Weezing|214/252
|-heal|p2a: Amoonguss|254/321|[from] drain|[of] p1a: Weezing
|
|-heal|p1a: Weezing|229/252|[from] item: Leftovers
|upkeep
|turn|7
|
|t:|1772745306
|move|p1a: Weezing|Defog|p2a: Amoonguss
|-unboost|p2a: Amoonguss|evasion|1
|-sideend|p1: Caesarius|Sticky Web|[from] move: Defog|[of] p1a: Weezing
|move|p2a: Amoonguss|Spore|p1a: Weezing
|-status|p1a: Weezing|slp|[from] move: Spore
|
|-heal|p1a: Weezing|244/252 slp|[from] item: Leftovers
|upkeep
|turn|8
|
|t:|1772745327
|switch|p2a: Gyarados|Gyarados, L79, F|280/280
|cant|p1a: Weezing|slp
|
|-heal|p1a: Weezing|252/252 slp|[from] item: Leftovers
|upkeep
|turn|9
|
|t:|1772745335
|move|p2a: Gyarados|Dragon Dance|p2a: Gyarados
|-boost|p2a: Gyarados|atk|1
|-boost|p2a: Gyarados|spe|1
|cant|p1a: Weezing|slp
|
|upkeep
|turn|10
|
|t:|1772745343
|move|p2a: Gyarados|Earthquake|p1a: Weezing
|-immune|p1a: Weezing|[from] ability: Levitate
|-curestatus|p1a: Weezing|slp|[msg]
|move|p1a: Weezing|Will-O-Wisp|p2a: Gyarados
|-status|p2a: Gyarados|brn
|
|-damage|p2a: Gyarados|263/280 brn|[from] brn
|upkeep
|turn|11
|
|t:|1772745359
|move|p2a: Gyarados|Temper Flare|p1a: Weezing
|-damage|p1a: Weezing|189/252
|move|p1a: Weezing|Strange Steam|p2a: Gyarados
|-damage|p2a: Gyarados|178/280 brn
|-start|p2a: Gyarados|confusion
|
|-heal|p1a: Weezing|204/252|[from] item: Leftovers
|-damage|p2a: Gyarados|161/280 brn|[from] brn
|upkeep
|turn|12
|
|t:|1772745373
|-activate|p2a: Gyarados|confusion
|move|p2a: Gyarados|Dragon Dance|p2a: Gyarados
|-boost|p2a: Gyarados|atk|1
|-boost|p2a: Gyarados|spe|1
|move|p1a: Weezing|Strange Steam|p2a: Gyarados
|-damage|p2a: Gyarados|73/280 brn
|
|-heal|p1a: Weezing|219/252|[from] item: Leftovers
|-damage|p2a: Gyarados|56/280 brn|[from] brn
|upkeep
|turn|13
|
|t:|1772745390
|-end|p2a: Gyarados|confusion
|move|p2a: Gyarados|Waterfall|p1a: Weezing
|-damage|p1a: Weezing|147/252
|move|p1a: Weezing|Strange Steam|p2a: Gyarados
|-damage|p2a: Gyarados|0 fnt
|faint|p2a: Gyarados
|
|-heal|p1a: Weezing|162/252|[from] item: Leftovers
|upkeep
|inactive|bodiddily has 120 seconds left.
|
|t:|1772745432
|switch|p2a: Hoopa|Hoopa-Unbound, L80|259/259
|turn|14
|
|t:|1772745439
|move|p2a: Hoopa|Zen Headbutt|p1a: Weezing
|-supereffective|p1a: Weezing
|-damage|p1a: Weezing|0 fnt
|faint|p1a: Weezing
|
|upkeep
|
|t:|1772745456
|switch|p1a: Flamigo|Flamigo, L82, F|269/269
|turn|15
|
|t:|1772745462
|move|p1a: Flamigo|U-turn|p2a: Hoopa
|-supereffective|p2a: Hoopa
|-damage|p2a: Hoopa|0 fnt
|faint|p2a: Hoopa
|
|t:|1772745466
|switch|p1a: Gliscor|Gliscor, L76, M|239/239 tox|[from] U-turn
|
|upkeep
|
|t:|1772745471
|switch|p2a: Masquerain|Masquerain, L87, M|264/264
|-ability|p2a: Masquerain|Intimidate|boost
|-unboost|p1a: Gliscor|atk|1
|turn|16
|
|t:|1772745478
|move|p2a: Masquerain|Sticky Web|p1a: Gliscor
|-sidestart|p1: Caesarius|move: Sticky Web
|move|p1a: Gliscor|Knock Off|p2a: Masquerain
|-damage|p2a: Masquerain|219/264
|-enditem|p2a: Masquerain|Heavy-Duty Boots|[from] move: Knock Off|[of] p1a: Gliscor
|
|upkeep
|turn|17
|
|t:|1772745484
|move|p2a: Masquerain|Hurricane|p1a: Gliscor|[miss]
|-miss|p2a: Masquerain|p1a: Gliscor
|move|p1a: Gliscor|Toxic|p2a: Masquerain
|-status|p2a: Masquerain|tox
|
|-damage|p2a: Masquerain|203/264 tox|[from] psn
|upkeep
|turn|18
|
|t:|1772745509
|switch|p1a: Dudunsparce|Dudunsparce-Three-Segment, L83, F|343/343
|-activate|p1a: Dudunsparce|move: Sticky Web
|-unboost|p1a: Dudunsparce|spe|1
|move|p2a: Masquerain|Hurricane|p1a: Dudunsparce
|-damage|p1a: Dudunsparce|186/343
|
|-heal|p1a: Dudunsparce|207/343|[from] item: Leftovers
|-damage|p2a: Masquerain|171/264 tox|[from] psn
|upkeep
|turn|19
|
|t:|1772745524
|move|p2a: Masquerain|U-turn|p1a: Dudunsparce
|-damage|p1a: Dudunsparce|144/343
|-ability|p1a: Dudunsparce|Rattled|boost
|-boost|p1a: Dudunsparce|spe|1
|
|t:|1772745529
|switch|p2a: Amoonguss|Amoonguss, L82, M|321/321|[from] U-turn
|move|p1a: Dudunsparce|Calm Mind|p1a: Dudunsparce
|-boost|p1a: Dudunsparce|spa|1
|-boost|p1a: Dudunsparce|spd|1
|
|-heal|p1a: Dudunsparce|165/343|[from] item: Leftovers
|upkeep
|turn|20
|
|t:|1772745541
|move|p1a: Dudunsparce|Roost|p1a: Dudunsparce
|-heal|p1a: Dudunsparce|337/343
|-singleturn|p1a: Dudunsparce|move: Roost
|move|p2a: Amoonguss|Sludge Bomb|p1a: Dudunsparce
|-damage|p1a: Dudunsparce|273/343
|
|-heal|p1a: Dudunsparce|294/343|[from] item: Leftovers
|upkeep
|turn|21
|
|t:|1772745550
|move|p1a: Dudunsparce|Boomburst|p2a: Amoonguss
|-damage|p2a: Amoonguss|108/321
|move|p2a: Amoonguss|Spore|p1a: Dudunsparce
|-status|p1a: Dudunsparce|slp|[from] move: Spore
|
|-heal|p1a: Dudunsparce|315/343 slp|[from] item: Leftovers
|upkeep
|turn|22
|
|t:|1772745559
|switch|p2a: Rillaboom|Rillaboom, L79, M|288/288
|-fieldstart|move: Grassy Terrain|[from] ability: Grassy Surge|[of] p2a: Rillaboom
|cant|p1a: Dudunsparce|slp
|
|-heal|p1a: Dudunsparce|336/343 slp|[from] Grassy Terrain
|-heal|p1a: Dudunsparce|343/343 slp|[from] item: Leftovers
|upkeep
|turn|23
|
|t:|1772745570
|-terastallize|p1a: Dudunsparce|Ghost
|move|p2a: Rillaboom|Wood Hammer|p1a: Dudunsparce
|-damage|p1a: Dudunsparce|39/343 slp
|-damage|p2a: Rillaboom|188/288|[from] Recoil
|cant|p1a: Dudunsparce|slp
|
|-heal|p2a: Rillaboom|206/288|[from] Grassy Terrain
|-heal|p1a: Dudunsparce|60/343 slp|[from] Grassy Terrain
|-heal|p1a: Dudunsparce|81/343 slp|[from] item: Leftovers
|upkeep
|turn|24
|
|t:|1772745600
|move|p2a: Rillaboom|Wood Hammer|p1a: Dudunsparce
|-damage|p1a: Dudunsparce|0 fnt
|faint|p1a: Dudunsparce
|-damage|p2a: Rillaboom|179/288|[from] Recoil
|
|-heal|p2a: Rillaboom|197/288|[from] Grassy Terrain
|upkeep
|inactive|Caesarius has 120 seconds left.
|
|t:|1772745610
|switch|p1a: Flamigo|Flamigo, L82, F|269/269
|turn|25
|inactive|bodiddily has 120 seconds left.
|inactive|bodiddily has 90 seconds left.
|inactive|bodiddily has 60 seconds left.
|inactive|bodiddily has 30 seconds left.
|inactive|bodiddily has 20 seconds left.
|inactive|bodiddily has 15 seconds left.
|inactive|bodiddily has 10 seconds left.
|inactive|bodiddily has 5 seconds left.
|-message|bodiddily lost due to inactivity.
|
|win|Caesarius
|raw|Caesarius's rating: 1313 &rarr; <strong>1334</strong><br />(+21 for winning)
|raw|bodiddily's rating: 1325 &rarr; <strong>1304</strong><br />(-21 for losing)
