|j|☆Jdjdjjdjdf
|j|☆jey_rod35
|t:|1776980075
|gametype|singles
|player|p1|Jdjdjjdjdf|2|1149
|player|p2|jey_rod35|265|1127
|gen|9
|tier|[Gen 9] Random Battle
|rated|
|rule|Species Clause: Limit one of each Pokémon
|rule|HP Percentage Mod: HP is shown in percentages
|rule|Sleep Clause Mod: Limit one foe put to sleep
|rule|Illusion Level Mod: Illusion disguises the Pokémon's true level
|
|t:|1776980075
|teamsize|p1|6
|teamsize|p2|6
|start
|switch|p1a: Spectrier|Spectrier, L75|274/274
|switch|p2a: Duraludon|Duraludon, L82, F|249/249
|turn|1
|
|t:|1776980094
|move|p1a: Spectrier|Nasty Plot|p1a: Spectrier
|-boost|p1a: Spectrier|spa|2
|move|p2a: Duraludon|Stealth Rock|p1a: Spectrier
|-sidestart|p1: Jdjdjjdjdf|move: Stealth Rock
|
|upkeep
|turn|2
|
|t:|1776980110
|-terastallize|p1a: Spectrier|Fighting
|move|p1a: Spectrier|Tera Blast|p2a: Duraludon|[anim] Tera Blast Fighting
|-supereffective|p2a: Duraludon
|-damage|p2a: Duraludon|0 fnt
|faint|p2a: Duraludon
|-ability|p1a: Spectrier|Grim Neigh|boost
|-boost|p1a: Spectrier|spa|1
|-damage|p1a: Spectrier|247/274|[from] item: Life Orb
|
|upkeep
|inactive|Battle timer is ON: inactive players will automatically lose when time's up. (requested by Jdjdjjdjdf)
|
|t:|1776980143
|switch|p2a: Muk|Muk-Alola, L82, M|306/306
|turn|3
|
|t:|1776980153
|move|p1a: Spectrier|Tera Blast|p2a: Muk|[anim] Tera Blast Fighting
|-damage|p2a: Muk|98/306
|-damage|p1a: Spectrier|220/274|[from] item: Life Orb
|move|p2a: Muk|Drain Punch|p1a: Spectrier
|-damage|p1a: Spectrier|146/274
|-heal|p2a: Muk|135/306|[from] drain|[of] p1a: Spectrier
|
|upkeep
|turn|4
|
|t:|1776980162
|move|p2a: Muk|Shadow Sneak|p1a: Spectrier
|-damage|p1a: Spectrier|100/274
|move|p1a: Spectrier|Tera Blast|p2a: Muk|[anim] Tera Blast Fighting
|-damage|p2a: Muk|0 fnt
|faint|p2a: Muk
|-ability|p1a: Spectrier|Grim Neigh|boost
|-boost|p1a: Spectrier|spa|1
|-damage|p1a: Spectrier|73/274|[from] item: Life Orb
|
|upkeep
|
|t:|1776980171
|switch|p2a: Rillaboom|Rillaboom, L79, F|288/288
|-fieldstart|move: Grassy Terrain|[from] ability: Grassy Surge|[of] p2a: Rillaboom
|turn|5
|
|t:|1776980186
|switch|p1a: Farigiraf|Farigiraf, L90, M|362/362
|-damage|p1a: Farigiraf|317/362|[from] Stealth Rock
|move|p2a: Rillaboom|Grassy Glide|p1a: Farigiraf
|-ability|p1a: Farigiraf|Sap Sipper|boost
|-boost|p1a: Farigiraf|atk|1
|
|-heal|p1a: Farigiraf|339/362|[from] Grassy Terrain
|-heal|p1a: Farigiraf|361/362|[from] item: Leftovers
|upkeep
|turn|6
|
|t:|1776980199
|move|p2a: Rillaboom|Swords Dance|p2a: Rillaboom
|-boost|p2a: Rillaboom|atk|2
|move|p1a: Farigiraf|Psychic Noise|p2a: Rillaboom
|-damage|p2a: Rillaboom|162/288
|-start|p2a: Rillaboom|move: Heal Block
|
|-heal|p1a: Farigiraf|362/362|[from] Grassy Terrain
|upkeep
|turn|7
|
|t:|1776980214
|move|p2a: Rillaboom|Wood Hammer|p1a: Farigiraf
|-ability|p1a: Farigiraf|Sap Sipper|boost
|-boost|p1a: Farigiraf|atk|1
|move|p1a: Farigiraf|Body Slam|p2a: Rillaboom
|-damage|p2a: Rillaboom|0 fnt
|faint|p2a: Rillaboom
|
|upkeep
|-message|jey_rod35 forfeited.
|
|win|Jdjdjjdjdf
|raw|Jdjdjjdjdf's rating: 1149 &rarr; <strong>1172</strong><br />(+23 for winning)
|raw|jey_rod35's rating: 1127 &rarr; <strong>1104</strong><br />(-23 for losing)
|l|☆jey_rod35
|player|p2|
