|j|☆gabi333
|j|☆Neo Cilpcolp
|t:|1772743774
|gametype|singles
|player|p1|gabi333|169|1189
|player|p2|Neo Cilpcolp|drayden|1154
|gen|9
|tier|[Gen 9] Random Battle
|rated|
|rule|Species Clause: Limit one of each Pokémon
|rule|HP Percentage Mod: HP is shown in percentages
|rule|Sleep Clause Mod: Limit one foe put to sleep
|rule|Illusion Level Mod: Illusion disguises the Pokémon's true level
|
|t:|1772743774
|teamsize|p1|6
|teamsize|p2|6
|start
|switch|p1a: Zapdos|Zapdos-Galar, L77|265/265
|switch|p2a: Quaquaval|Quaquaval, L79, F|264/264
|turn|1
|inactive|Battle timer is ON: inactive players will automatically lose when time's up. (requested by Neo Cilpcolp)
|
|t:|1772743781
|switch|p2a: Houndstone|Houndstone, L86, F|264/264
|move|p1a: Zapdos|Brave Bird|p2a: Houndstone
|-damage|p2a: Houndstone|191/264
|-damage|p1a: Zapdos|241/265|[from] Recoil
|-damage|p1a: Zapdos|215/265|[from] item: Life Orb
|
|-heal|p2a: Houndstone|207/264|[from] item: Leftovers
|upkeep
|turn|2
|
|t:|1772743789
|move|p1a: Zapdos|Knock Off|p2a: Houndstone
|-supereffective|p2a: Houndstone
|-damage|p2a: Houndstone|129/264
|-enditem|p2a: Houndstone|Leftovers|[from] move: Knock Off|[of] p1a: Zapdos
|-damage|p1a: Zapdos|189/265|[from] item: Life Orb
|move|p2a: Houndstone|Body Press|p1a: Zapdos
|-resisted|p1a: Zapdos
|-damage|p1a: Zapdos|159/265
|
|upkeep
|turn|3
|
|t:|1772743791
|move|p1a: Zapdos|Bulk Up|p1a: Zapdos
|-boost|p1a: Zapdos|atk|1
|-boost|p1a: Zapdos|def|1
|move|p2a: Houndstone|Poltergeist|p1a: Zapdos
|-activate|p1a: Zapdos|move: Poltergeist|Life Orb
|-damage|p1a: Zapdos|74/265
|
|upkeep
|turn|4
|
|t:|1772743795
|move|p1a: Zapdos|Knock Off|p2a: Houndstone
|-supereffective|p2a: Houndstone
|-damage|p2a: Houndstone|45/264
|-damage|p1a: Zapdos|48/265|[from] item: Life Orb
|move|p2a: Houndstone|Poltergeist|p1a: Zapdos
|-activate|p1a: Zapdos|move: Poltergeist|Life Orb
|-crit|p1a: Zapdos
|-damage|p1a: Zapdos|0 fnt
|faint|p1a: Zapdos
|
|upkeep
|
|t:|1772743804
|switch|p1a: Slowbro|Slowbro-Galar, L87, F|307/307
|turn|5
|
|t:|1772743808
|move|p2a: Houndstone|Poltergeist|p1a: Slowbro
|-activate|p1a: Slowbro|move: Poltergeist|Rocky Helmet
|-supereffective|p1a: Slowbro
|-damage|p1a: Slowbro|89/307
|move|p1a: Slowbro|Shell Side Arm|p2a: Houndstone|[anim] Shell Side Arm Special
|-resisted|p2a: Houndstone
|-damage|p2a: Houndstone|2/264
|-hint|Special Shell Side Arm
|-status|p2a: Houndstone|psn
|
|-damage|p2a: Houndstone|0 fnt|[from] psn
|faint|p2a: Houndstone
|upkeep
|
|t:|1772743815
|switch|p2a: Bellibolt|Bellibolt, L84, M|320/320
|turn|6
|
|t:|1772743818
|move|p2a: Bellibolt|Thunderbolt|p1a: Slowbro
|-damage|p1a: Slowbro|0 fnt
|faint|p1a: Slowbro
|
|upkeep
|
|t:|1772743826
|switch|p1a: Ursaring|Ursaring, L84, M|288/288
|turn|7
|
|t:|1772743831
|move|p1a: Ursaring|Swords Dance|p1a: Ursaring
|-boost|p1a: Ursaring|atk|2
|move|p2a: Bellibolt|Muddy Water|p1a: Ursaring
|-damage|p1a: Ursaring|214/288
|
|-status|p1a: Ursaring|tox|[from] item: Toxic Orb
|upkeep
|turn|8
|
|t:|1772743841
|move|p1a: Ursaring|Facade|p2a: Bellibolt
|-damage|p2a: Bellibolt|0 fnt
|faint|p2a: Bellibolt
|
|-damage|p1a: Ursaring|196/288 tox|[from] psn
|upkeep
|
|t:|1772743848
|switch|p2a: Terrakion|Terrakion, L79|273/273
|turn|9
|
|t:|1772743859
|move|p2a: Terrakion|Close Combat|p1a: Ursaring
|-supereffective|p1a: Ursaring
|-damage|p1a: Ursaring|0 fnt
|-unboost|p2a: Terrakion|def|1
|-unboost|p2a: Terrakion|spd|1
|faint|p1a: Ursaring
|
|upkeep
|
|t:|1772743861
|switch|p1a: Heracross|Heracross, L80, M|259/259
|turn|10
|
|t:|1772743870
|move|p2a: Terrakion|Close Combat|p1a: Heracross
|-resisted|p1a: Heracross
|-damage|p1a: Heracross|125/259
|-unboost|p2a: Terrakion|def|1
|-unboost|p2a: Terrakion|spd|1
|move|p1a: Heracross|Close Combat|p2a: Terrakion
|-supereffective|p2a: Terrakion
|-damage|p2a: Terrakion|0 fnt
|-unboost|p1a: Heracross|def|1
|-unboost|p1a: Heracross|spd|1
|faint|p2a: Terrakion
|
|-status|p1a: Heracross|brn|[from] item: Flame Orb
|upkeep
|
|t:|1772743876
|switch|p2a: Chi-Yu|Chi-Yu, L77|211/211
|-ability|p2a: Chi-Yu|Beads of Ruin
|turn|11
|
|t:|1772743885
|move|p2a: Chi-Yu|Psychic|p1a: Heracross
|-supereffective|p1a: Heracross
|-crit|p1a: Heracross
|-damage|p1a: Heracross|0 fnt
|faint|p1a: Heracross
|
|upkeep
|
|t:|1772743904
|switch|p1a: Pachirisu|Pachirisu, L96, F|271/271
|turn|12
|
|t:|1772743927
|move|p1a: Pachirisu|Discharge|p2a: Chi-Yu
|-damage|p2a: Chi-Yu|154/211
|move|p2a: Chi-Yu|Fire Blast|p1a: Pachirisu
|-damage|p1a: Pachirisu|123/271
|
|upkeep
|turn|13
|
|t:|1772743933
|move|p1a: Pachirisu|Discharge|p2a: Chi-Yu
|-damage|p2a: Chi-Yu|100/211
|-status|p2a: Chi-Yu|par
|cant|p2a: Chi-Yu|par
|
|upkeep
|turn|14
|
|t:|1772743944
|move|p1a: Pachirisu|Discharge|p2a: Chi-Yu
|-damage|p2a: Chi-Yu|43/211 par
|move|p2a: Chi-Yu|Fire Blast|p1a: Pachirisu
|-damage|p1a: Pachirisu|0 fnt
|faint|p1a: Pachirisu
|
|upkeep
|
|t:|1772743946
|switch|p1a: Yanmega|Yanmega, L82, F|275/275
|turn|15
|
|t:|1772743951
|move|p1a: Yanmega|Air Slash|p2a: Chi-Yu
|-damage|p2a: Chi-Yu|0 fnt
|faint|p2a: Chi-Yu
|
|-ability|p1a: Yanmega|Speed Boost|boost
|-boost|p1a: Yanmega|spe|1
|upkeep
|
|t:|1772743961
|switch|p2a: Cinccino|Cinccino, L83, F|260/260
|turn|16
|
|t:|1772743966
|move|p1a: Yanmega|Air Slash|p2a: Cinccino
|-damage|p2a: Cinccino|143/260
|move|p2a: Cinccino|Triple Axel|p1a: Yanmega
|-supereffective|p1a: Yanmega
|-damage|p1a: Yanmega|233/275
|-supereffective|p1a: Yanmega
|-damage|p1a: Yanmega|151/275
|-supereffective|p1a: Yanmega
|-damage|p1a: Yanmega|11/275
|-hitcount|p1a: Yanmega|3
|
|-ability|p1a: Yanmega|Speed Boost|boost
|-boost|p1a: Yanmega|spe|1
|upkeep
|turn|17
|
|t:|1772743972
|move|p1a: Yanmega|Air Slash|p2a: Cinccino
|-damage|p2a: Cinccino|29/260
|move|p2a: Cinccino|Bullet Seed|p1a: Yanmega
|-resisted|p1a: Yanmega
|-damage|p1a: Yanmega|4/275
|-resisted|p1a: Yanmega
|-crit|p1a: Yanmega
|-damage|p1a: Yanmega|0 fnt
|faint|p1a: Yanmega
|-hitcount|p1: Yanmega|2
|
|win|Neo Cilpcolp
|raw|gabi333's rating: 1189 &rarr; <strong>1161</strong><br />(-28 for losing)
|raw|Neo Cilpcolp's rating: 1154 &rarr; <strong>1182</strong><br />(+28 for winning)
|l|☆gabi333
|player|p1|
