|j|☆yaqubxyz
|j|☆Ramypoke
|t:|1776971730
|gametype|singles
|player|p1|yaqubxyz|depotagent|
|player|p2|Ramypoke|burglar|
|gen|9
|tier|[Gen 9] Random Battle
|rule|Species Clause: Limit one of each Pokémon
|rule|HP Percentage Mod: HP is shown in percentages
|rule|Sleep Clause Mod: Limit one foe put to sleep
|rule|Illusion Level Mod: Illusion disguises the Pokémon's true level
|
|t:|1776971730
|teamsize|p1|6
|teamsize|p2|6
|start
|switch|p1a: Excadrill|Excadrill, L79, M|303/303
|switch|p2a: Weavile|Weavile, L79, M|240/240
|-ability|p1a: Excadrill|Mold Breaker
|turn|1
|
|t:|1776971739
|-terastallize|p2a: Weavile|Fighting
|move|p2a: Weavile|Swords Dance|p2a: Weavile
|-boost|p2a: Weavile|atk|2
|move|p1a: Excadrill|Iron Head|p2a: Weavile
|-damage|p2a: Weavile|101/240
|
|upkeep
|turn|2
|
|t:|1776971747
|move|p2a: Weavile|Low Kick|p1a: Excadrill
|-supereffective|p1a: Excadrill
|-damage|p1a: Excadrill|0 fnt
|faint|p1a: Excadrill
|
|upkeep
|
|t:|1776971771
|switch|p1a: Typhlosion|Typhlosion-Hisui, L83, M|257/257
|turn|3
|
|t:|1776971776
|move|p2a: Weavile|Knock Off|p1a: Typhlosion
|-supereffective|p1a: Typhlosion
|-damage|p1a: Typhlosion|0 fnt
|-enditem|p1a: Typhlosion|Choice Specs|[from] move: Knock Off|[of] p2a: Weavile
|faint|p1a: Typhlosion
|
|upkeep
|
|t:|1776971827
|switch|p1a: Azumarill|Azumarill, L82, F|298/298
|turn|4
|
|t:|1776971843
|switch|p2a: Bellibolt|Bellibolt, L84, F|320/320
|move|p1a: Azumarill|Play Rough|p2a: Bellibolt
|-damage|p2a: Bellibolt|215/320
|-start|p2a: Bellibolt|Charge|Play Rough|[from] ability: Electromorphosis
|
|-heal|p2a: Bellibolt|235/320|[from] item: Leftovers
|upkeep
|turn|5
|
|t:|1776971906
|switch|p1a: Terrakion|Terrakion, L79|273/273
|move|p2a: Bellibolt|Thunderbolt|p1a: Terrakion
|-crit|p1a: Terrakion
|-damage|p1a: Terrakion|0 fnt
|faint|p1a: Terrakion
|-end|p2a: Bellibolt|Charge|[silent]
|
|-heal|p2a: Bellibolt|255/320|[from] item: Leftovers
|upkeep
|inactive|Battle timer is ON: inactive players will automatically lose when time's up. (requested by yaqubxyz)
|
|t:|1776971937
|switch|p1a: Regidrago|Regidrago, L77|435/435
|turn|6
|
|t:|1776971944
|move|p1a: Regidrago|Earthquake|p2a: Bellibolt
|-supereffective|p2a: Bellibolt
|-damage|p2a: Bellibolt|133/320
|-start|p2a: Bellibolt|Charge|Earthquake|[from] ability: Electromorphosis
|move|p2a: Bellibolt|Muddy Water|p1a: Regidrago
|-resisted|p1a: Regidrago
|-damage|p1a: Regidrago|382/435
|
|-heal|p2a: Bellibolt|153/320|[from] item: Leftovers
|upkeep
|turn|7
|
|t:|1776971949
|move|p1a: Regidrago|Earthquake|p2a: Bellibolt
|-supereffective|p2a: Bellibolt
|-damage|p2a: Bellibolt|35/320
|-start|p2a: Bellibolt|Charge|Earthquake|[from] ability: Electromorphosis
|move|p2a: Bellibolt|Thunderbolt|p1a: Regidrago
|-resisted|p1a: Regidrago
|-damage|p1a: Regidrago|210/435
|-end|p2a: Bellibolt|Charge|[silent]
|
|-heal|p2a: Bellibolt|55/320|[from] item: Leftovers
|upkeep
|turn|8
|
|t:|1776971951
|move|p1a: Regidrago|Earthquake|p2a: Bellibolt
|-supereffective|p2a: Bellibolt
|-damage|p2a: Bellibolt|0 fnt
|faint|p2a: Bellibolt
|
|upkeep
|
|t:|1776971955
|switch|p2a: Weavile|Weavile, L79, M, tera:Fighting|101/240
|turn|9
|
|t:|1776971971
|switch|p1a: Azumarill|Azumarill, L82, F|298/298
|move|p2a: Weavile|Triple Axel|p1a: Azumarill
|-resisted|p1a: Azumarill
|-damage|p1a: Azumarill|286/298
|-resisted|p1a: Azumarill
|-damage|p1a: Azumarill|262/298
|-resisted|p1a: Azumarill
|-damage|p1a: Azumarill|226/298
|-hitcount|p1a: Azumarill|3
|
|upkeep
|turn|10
|
|t:|1776971996
|switch|p2a: Ambipom|Ambipom, L84, M|263/263
|move|p1a: Azumarill|Play Rough|p2a: Ambipom
|-damage|p2a: Ambipom|122/263
|-unboost|p2a: Ambipom|atk|1
|
|upkeep
|turn|11
|
|t:|1776972021
|move|p2a: Ambipom|Double-Edge|p1a: Azumarill
|-damage|p1a: Azumarill|93/298
|-enditem|p1a: Azumarill|Sitrus Berry|[eat]
|-heal|p1a: Azumarill|167/298|[from] item: Sitrus Berry
|-damage|p2a: Ambipom|78/263|[from] Recoil
|move|p1a: Azumarill|Play Rough|p2a: Ambipom
|-damage|p2a: Ambipom|0 fnt
|faint|p2a: Ambipom
|
|upkeep
|inactive|Ramypoke has 270 seconds left.
|
|t:|1776972048
|switch|p2a: Goodra|Goodra-Hisui, L82, M|265/265
|turn|12
|
|t:|1776972066
|switch|p1a: Regidrago|Regidrago, L77|210/435
|move|p2a: Goodra|Heavy Slam|p1a: Regidrago
|-damage|p1a: Regidrago|147/435
|
|upkeep
|turn|13
|inactive|Ramypoke has 270 seconds left.
|
|t:|1776972084
|move|p1a: Regidrago|Dragon Energy|p2a: Goodra
|-damage|p2a: Goodra|235/265
|move|p2a: Goodra|Draco Meteor|p1a: Regidrago
|-supereffective|p1a: Regidrago
|-damage|p1a: Regidrago|0 fnt
|-unboost|p2a: Goodra|spa|2
|faint|p1a: Regidrago
|
|upkeep
|
|t:|1776972098
|switch|p1a: Azumarill|Azumarill, L82, F|167/298
|turn|14
|
|t:|1776972107
|-terastallize|p1a: Azumarill|Water
|move|p2a: Goodra|Heavy Slam|p1a: Azumarill
|-resisted|p1a: Azumarill
|-damage|p1a: Azumarill|105/298
|move|p1a: Azumarill|Play Rough|p2a: Goodra
|-damage|p2a: Goodra|136/265
|
|upkeep
|turn|15
|
|t:|1776972115
|move|p2a: Goodra|Draco Meteor|p1a: Azumarill
|-damage|p1a: Azumarill|23/298
|-unboost|p2a: Goodra|spa|2
|move|p1a: Azumarill|Play Rough|p2a: Goodra
|-damage|p2a: Goodra|22/265
|
|upkeep
|turn|16
|
|t:|1776972129
|move|p1a: Azumarill|Play Rough|p2a: Goodra|[miss]
|-miss|p1a: Azumarill|p2a: Goodra
|move|p2a: Goodra|Dragon Tail|p1a: Azumarill
|-damage|p1a: Azumarill|0 fnt
|faint|p1a: Azumarill
|
|upkeep
|
|t:|1776972133
|switch|p1a: Quagsire|Quagsire, L84, F|297/297
|turn|17
|
|t:|1776972139
|move|p2a: Goodra|Draco Meteor|p1a: Quagsire
|-crit|p1a: Quagsire
|-damage|p1a: Quagsire|50/297
|-unboost|p2a: Goodra|spa|2
|move|p1a: Quagsire|Earthquake|p2a: Goodra
|-supereffective|p2a: Goodra
|-damage|p2a: Goodra|0 fnt
|faint|p2a: Goodra
|
|-heal|p1a: Quagsire|68/297|[from] item: Leftovers
|upkeep
|
|t:|1776972143
|switch|p2a: Falinks|Falinks, L84|246/246
|turn|18
|inactive|yaqubxyz has 270 seconds left.
|inactive|yaqubxyz has 240 seconds left.
|inactive|yaqubxyz has 210 seconds left.
|inactive|yaqubxyz has 180 seconds left.
|inactive|yaqubxyz has 150 seconds left.
|inactive|yaqubxyz has 120 seconds left.
|inactive|yaqubxyz has 90 seconds left.
|inactive|yaqubxyz has 60 seconds left.
|
|t:|1776972391
|switch|p2a: Weavile|Weavile, L79, M, tera:Fighting|101/240
|move|p1a: Quagsire|Recover|p1a: Quagsire
|-heal|p1a: Quagsire|217/297
|
|-heal|p1a: Quagsire|235/297|[from] item: Leftovers
|upkeep
|turn|19
|inactive|yaqubxyz has 60 seconds left.
|inactive|yaqubxyz has 30 seconds left.
|
|t:|1776972434
|move|p2a: Weavile|Triple Axel|p1a: Quagsire
|-damage|p1a: Quagsire|211/297
|-damage|p1a: Quagsire|165/297
|-damage|p1a: Quagsire|98/297
|-hitcount|p1a: Quagsire|3
|move|p1a: Quagsire|Ice Beam|p2a: Weavile
|-damage|p2a: Weavile|48/240
|
|-heal|p1a: Quagsire|116/297|[from] item: Leftovers
|upkeep
|turn|20
|
|t:|1776972439
|move|p2a: Weavile|Triple Axel|p1a: Quagsire
|-damage|p1a: Quagsire|91/297
|-hitcount|p1a: Quagsire|1
|move|p1a: Quagsire|Earthquake|p2a: Weavile
|-damage|p2a: Weavile|0 fnt
|faint|p2a: Weavile
|
|-heal|p1a: Quagsire|109/297|[from] item: Leftovers
|upkeep
|
|t:|1776972441
|switch|p2a: Falinks|Falinks, L84|246/246
|turn|21
|
|t:|1776972446
|move|p2a: Falinks|Close Combat|p1a: Quagsire
|-damage|p1a: Quagsire|0 fnt
|-unboost|p2a: Falinks|def|1
|-unboost|p2a: Falinks|spd|1
|faint|p1a: Quagsire
|-damage|p2a: Falinks|222/246|[from] item: Life Orb
|
|win|Ramypoke
