|j|☆highresviolence
|j|☆coopbluep13
|t:|1776982024
|gametype|singles
|player|p1|highresviolence|265|1093
|player|p2|coopbluep13|unknown|1080
|gen|9
|tier|[Gen 9] Random Battle
|rated|
|rule|Species Clause: Limit one of each Pokémon
|rule|HP Percentage Mod: HP is shown in percentages
|rule|Sleep Clause Mod: Limit one foe put to sleep
|rule|Illusion Level Mod: Illusion disguises the Pokémon's true level
|
|t:|1776982024
|teamsize|p1|6
|teamsize|p2|6
|start
|switch|p1a: Mightyena|Mightyena, L96, F|290/290
|switch|p2a: Terrakion|Terrakion, L79|273/273
|-ability|p1a: Mightyena|Intimidate|boost
|-unboost|p2a: Terrakion|atk|1
|turn|1
|inactive|Battle timer is ON: inactive players will automatically lose when time's up. (requested by highresviolence)
|
|t:|1776982036
|-terastallize|p1a: Mightyena|Fairy
|move|p2a: Terrakion|Close Combat|p1a: Mightyena
|-resisted|p1a: Mightyena
|-damage|p1a: Mightyena|215/290
|-unboost|p2a: Terrakion|def|1
|-unboost|p2a: Terrakion|spd|1
|move|p1a: Mightyena|Play Rough|p2a: Terrakion
|-supereffective|p2a: Terrakion
|-damage|p2a: Terrakion|0 fnt
|faint|p2a: Terrakion
|
|upkeep
|
|t:|1776982041
|switch|p2a: Slowbro|Slowbro-Galar, L87, M|307/307
|turn|2
|
|t:|1776982054
|switch|p1a: Haxorus|Haxorus, L77, M|244/244
|-ability|p1a: Haxorus|Mold Breaker
|move|p2a: Slowbro|Shell Side Arm|p1a: Haxorus|[anim] Shell Side Arm Special
|-damage|p1a: Haxorus|100/244
|-hint|Special Shell Side Arm
|
|upkeep
|turn|3
|inactive|highresviolence has 120 seconds left.
|
|t:|1776982096
|move|p1a: Haxorus|Scale Shot|p2a: Slowbro
|-damage|p2a: Slowbro|280/307
|-damage|p2a: Slowbro|252/307
|-damage|p2a: Slowbro|221/307
|-damage|p2a: Slowbro|191/307
|-damage|p2a: Slowbro|160/307
|-hitcount|p2a: Slowbro|5
|-unboost|p1a: Haxorus|def|1
|-boost|p1a: Haxorus|spe|1
|move|p2a: Slowbro|Shell Side Arm|p1a: Haxorus|[anim] Shell Side Arm Physical
|-damage|p1a: Haxorus|0 fnt
|-hint|Physical Shell Side Arm
|faint|p1a: Haxorus
|
|upkeep
|
|t:|1776982115
|switch|p1a: Roaring Moon|Roaring Moon, L72|270/270
|turn|4
|
|t:|1776982123
|move|p1a: Roaring Moon|Knock Off|p2a: Slowbro
|-supereffective|p2a: Slowbro
|-damage|p2a: Slowbro|0 fnt
|-enditem|p2a: Slowbro|Assault Vest|[from] move: Knock Off|[of] p1a: Roaring Moon
|faint|p2a: Slowbro
|
|upkeep
|
|t:|1776982127
|switch|p2a: Kyurem|Kyurem-White, L73|303/303
|-ability|p2a: Kyurem|Turboblaze
|turn|5
|
|t:|1776982156
|-end|p1a: Roaring Moon|Protosynthesis|[silent]
|switch|p1a: Mightyena|Mightyena, L96, F, tera:Fairy|215/290
|-ability|p1a: Mightyena|Intimidate|boost
|-unboost|p2a: Kyurem|atk|1
|move|p2a: Kyurem|Freeze-Dry|p1a: Mightyena
|-damage|p1a: Mightyena|107/290
|
|upkeep
|turn|6
|
|t:|1776982162
|move|p2a: Kyurem|Freeze-Dry|p1a: Mightyena
|-damage|p1a: Mightyena|0 fnt
|faint|p1a: Mightyena
|
|upkeep
|
|t:|1776982167
|switch|p1a: Roaring Moon|Roaring Moon, L72|270/270
|turn|7
|
|t:|1776982175
|move|p2a: Kyurem|Freeze-Dry|p1a: Roaring Moon
|-supereffective|p1a: Roaring Moon
|-damage|p1a: Roaring Moon|76/270
|move|p1a: Roaring Moon|Outrage|p2a: Kyurem
|-supereffective|p2a: Kyurem
|-damage|p2a: Kyurem|0 fnt
|faint|p2a: Kyurem
|
|upkeep
|
|t:|1776982177
|switch|p2a: Barraskewda|Barraskewda, L81, F|231/231
|turn|8
|inactive|highresviolence has 120 seconds left.
|
|t:|1776982184
|move|p2a: Barraskewda|Close Combat|p1a: Roaring Moon
|-supereffective|p1a: Roaring Moon
|-damage|p1a: Roaring Moon|0 fnt
|-unboost|p2a: Barraskewda|def|1
|-unboost|p2a: Barraskewda|spd|1
|faint|p1a: Roaring Moon
|-end|p1a: Roaring Moon|Protosynthesis|[silent]
|
|upkeep
|inactive|highresviolence has 120 seconds left.
|
|t:|1776982203
|switch|p1a: Jumpluff|Jumpluff, L87, M|271/271
|turn|9
|
|t:|1776982220
|switch|p2a: Whiscash|Whiscash, L88, F|337/337
|move|p1a: Jumpluff|Leech Seed|p2a: Whiscash
|-start|p2a: Whiscash|move: Leech Seed
|
|-damage|p2a: Whiscash|295/337|[from] Leech Seed|[of] p1a: Jumpluff
|upkeep
|turn|10
|
|t:|1776982231
|move|p1a: Jumpluff|Acrobatics|p2a: Whiscash
|-damage|p2a: Whiscash|201/337
|move|p2a: Whiscash|Dragon Dance|p2a: Whiscash
|-boost|p2a: Whiscash|atk|1
|-boost|p2a: Whiscash|spe|1
|
|-damage|p2a: Whiscash|159/337|[from] Leech Seed|[of] p1a: Jumpluff
|upkeep
|turn|11
|
|t:|1776982238
|move|p1a: Jumpluff|Strength Sap|p2a: Whiscash
|-unboost|p2a: Whiscash|atk|1
|move|p2a: Whiscash|Stone Edge|p1a: Jumpluff|[miss]
|-miss|p2a: Whiscash|p1a: Jumpluff
|
|-damage|p2a: Whiscash|117/337|[from] Leech Seed|[of] p1a: Jumpluff
|upkeep
|turn|12
|
|t:|1776982245
|move|p1a: Jumpluff|Strength Sap|p2a: Whiscash
|-unboost|p2a: Whiscash|atk|1
|move|p2a: Whiscash|Stone Edge|p1a: Jumpluff
|-supereffective|p1a: Jumpluff
|-damage|p1a: Jumpluff|146/271
|-damage|p2a: Whiscash|84/337|[from] item: Life Orb
|
|-damage|p2a: Whiscash|42/337|[from] Leech Seed|[of] p1a: Jumpluff
|-heal|p1a: Jumpluff|188/271|[silent]
|upkeep
|turn|13
|inactive|highresviolence has 120 seconds left.
|
|t:|1776982253
|move|p1a: Jumpluff|Strength Sap|p2a: Whiscash
|-unboost|p2a: Whiscash|atk|1
|-heal|p1a: Jumpluff|271/271
|move|p2a: Whiscash|Stone Edge|p1a: Jumpluff
|-supereffective|p1a: Jumpluff
|-damage|p1a: Jumpluff|170/271
|-damage|p2a: Whiscash|9/337|[from] item: Life Orb
|
|-damage|p2a: Whiscash|0 fnt|[from] Leech Seed|[of] p1a: Jumpluff
|-heal|p1a: Jumpluff|179/271|[silent]
|faint|p2a: Whiscash
|upkeep
|
|t:|1776982259
|switch|p2a: Ditto|Ditto, L87|225/225
|-transform|p2a: Ditto|p1a: Jumpluff|[from] ability: Imposter
|turn|14
|
|t:|1776982270
|move|p2a: Ditto|Acrobatics|p1a: Jumpluff
|-supereffective|p1a: Jumpluff
|-damage|p1a: Jumpluff|81/271
|move|p1a: Jumpluff|Acrobatics|p2a: Ditto
|-supereffective|p2a: Ditto
|-damage|p2a: Ditto|25/225
|
|upkeep
|turn|15
|
|t:|1776982281
|move|p2a: Ditto|Acrobatics|p1a: Jumpluff
|-supereffective|p1a: Jumpluff
|-damage|p1a: Jumpluff|0 fnt
|faint|p1a: Jumpluff
|
|upkeep
|
|t:|1776982289
|switch|p1a: Glalie|Glalie, L96, M|309/309
|turn|16
|
|t:|1776982293
|move|p2a: Ditto|Acrobatics|p1a: Glalie
|-damage|p1a: Glalie|266/309
|move|p1a: Glalie|Freeze-Dry|p2a: Ditto
|-supereffective|p2a: Ditto
|-damage|p2a: Ditto|0 fnt
|faint|p2a: Ditto
|
|upkeep
|
|t:|1776982295
|switch|p2a: Barraskewda|Barraskewda, L81, F|231/231
|turn|17
|
|t:|1776982303
|move|p2a: Barraskewda|Close Combat|p1a: Glalie
|-supereffective|p1a: Glalie
|-damage|p1a: Glalie|0 fnt
|-unboost|p2a: Barraskewda|def|1
|-unboost|p2a: Barraskewda|spd|1
|faint|p1a: Glalie
|
|upkeep
|
|t:|1776982311
|switch|p1a: Volcarona|Volcarona, L77, F|257/257
|turn|18
|
|t:|1776982324
|move|p2a: Barraskewda|Close Combat|p1a: Volcarona
|-resisted|p1a: Volcarona
|-damage|p1a: Volcarona|163/257
|-unboost|p2a: Barraskewda|def|1
|-unboost|p2a: Barraskewda|spd|1
|move|p1a: Volcarona|Bug Buzz|p2a: Barraskewda
|-damage|p2a: Barraskewda|0 fnt
|faint|p2a: Barraskewda
|
|win|highresviolence
|raw|highresviolence's rating: 1093 &rarr; <strong>1118</strong><br />(+25 for winning)
|raw|coopbluep13's rating: 1080 &rarr; <strong>1059</strong><br />(-21 for losing)
