|j|☆disconnectduewifi
|j|☆NoblesseNik_05
|t:|1776970663
|gametype|singles
|player|p1|disconnectduewifi|lucas|1567
|player|p2|NoblesseNik_05|n|1540
|gen|9
|tier|[Gen 9] Random Battle
|rated|
|rule|Species Clause: Limit one of each Pokémon
|rule|HP Percentage Mod: HP is shown in percentages
|rule|Sleep Clause Mod: Limit one foe put to sleep
|rule|Illusion Level Mod: Illusion disguises the Pokémon's true level
|
|t:|1776970663
|teamsize|p1|6
|teamsize|p2|6
|start
|switch|p1a: Beartic|Beartic, L91, F|321/321
|switch|p2a: Regidrago|Regidrago, L77|435/435
|turn|1
|
|t:|1776970672
|switch|p2a: Lapras|Lapras, L87, F|368/368
|move|p1a: Beartic|Icicle Crash|p2a: Lapras
|-resisted|p2a: Lapras
|-damage|p2a: Lapras|337/368
|
|upkeep
|turn|2
|
|t:|1776970700
|move|p2a: Lapras|Sparkling Aria|p1a: Beartic
|-damage|p1a: Beartic|225/321
|move|p1a: Beartic|Swords Dance|p1a: Beartic
|-boost|p1a: Beartic|atk|2
|
|upkeep
|turn|3
|
|t:|1776970717
|move|p2a: Lapras|Sparkling Aria|p1a: Beartic
|-damage|p1a: Beartic|140/321
|move|p1a: Beartic|Earthquake|p2a: Lapras
|-damage|p2a: Lapras|107/368
|
|upkeep
|turn|4
|
|t:|1776970729
|switch|p2a: Corviknight|Corviknight, L80, M|288/288
|-ability|p2a: Corviknight|Pressure
|move|p1a: Beartic|Earthquake|p2a: Corviknight
|-immune|p2a: Corviknight
|
|upkeep
|turn|5
|
|t:|1776970737
|move|p2a: Corviknight|Body Press|p1a: Beartic
|-supereffective|p1a: Beartic
|-damage|p1a: Beartic|28/321
|move|p1a: Beartic|Icicle Crash|p2a: Corviknight
|-damage|p2a: Corviknight|29/288
|
|-heal|p2a: Corviknight|47/288|[from] item: Leftovers
|upkeep
|turn|6
|
|t:|1776970747
|move|p1a: Beartic|Aqua Jet|p2a: Corviknight
|-damage|p2a: Corviknight|0 fnt
|faint|p2a: Corviknight
|
|upkeep
|
|t:|1776970751
|switch|p2a: Scizor|Scizor, L79, F|240/240
|turn|7
|
|t:|1776970766
|move|p2a: Scizor|Bullet Punch|p1a: Beartic
|-supereffective|p1a: Beartic
|-damage|p1a: Beartic|0 fnt
|faint|p1a: Beartic
|
|upkeep
|inactive|Battle timer is ON: inactive players will automatically lose when time's up. (requested by NoblesseNik_05)
|
|t:|1776970784
|switch|p1a: Empoleon|Empoleon, L84, M|278/278
|turn|8
|
|t:|1776970802
|move|p2a: Scizor|Bullet Punch|p1a: Empoleon
|-resisted|p1a: Empoleon
|-damage|p1a: Empoleon|251/278
|move|p1a: Empoleon|Yawn|p2a: Scizor
|-start|p2a: Scizor|move: Yawn|[of] p1a: Empoleon
|
|-heal|p1a: Empoleon|268/278|[from] item: Leftovers
|upkeep
|turn|9
|
|t:|1776970817
|switch|p2a: Garchomp|Garchomp, L74, F|282/282
|move|p1a: Empoleon|Surf|p2a: Garchomp
|-damage|p2a: Garchomp|150/282
|
|-heal|p1a: Empoleon|278/278|[from] item: Leftovers
|upkeep
|turn|10
|
|t:|1776970829
|move|p2a: Garchomp|Swords Dance|p2a: Garchomp
|-boost|p2a: Garchomp|atk|2
|move|p1a: Empoleon|Surf|p2a: Garchomp
|-damage|p2a: Garchomp|36/282
|
|upkeep
|turn|11
|inactive|disconnectduewifi has 120 seconds left.
|
|t:|1776970877
|move|p2a: Garchomp|Scale Shot|p1a: Empoleon
|-resisted|p1a: Empoleon
|-damage|p1a: Empoleon|254/278
|-resisted|p1a: Empoleon
|-damage|p1a: Empoleon|227/278
|-resisted|p1a: Empoleon
|-damage|p1a: Empoleon|202/278
|-resisted|p1a: Empoleon
|-damage|p1a: Empoleon|176/278
|-hitcount|p1a: Empoleon|4
|-unboost|p2a: Garchomp|def|1
|-boost|p2a: Garchomp|spe|1
|move|p1a: Empoleon|Surf|p2a: Garchomp
|-damage|p2a: Garchomp|0 fnt
|faint|p2a: Garchomp
|
|-heal|p1a: Empoleon|193/278|[from] item: Leftovers
|upkeep
|inactive|NoblesseNik_05 has 120 seconds left.
|
|t:|1776970903
|switch|p2a: Regidrago|Regidrago, L77|435/435
|turn|12
|
|t:|1776970909
|move|p2a: Regidrago|Dragon Dance|p2a: Regidrago
|-boost|p2a: Regidrago|atk|1
|-boost|p2a: Regidrago|spe|1
|move|p1a: Empoleon|Yawn|p2a: Regidrago
|-start|p2a: Regidrago|move: Yawn|[of] p1a: Empoleon
|
|-heal|p1a: Empoleon|210/278|[from] item: Leftovers
|upkeep
|turn|13
|inactive|disconnectduewifi has 120 seconds left.
|
|t:|1776970917
|move|p2a: Regidrago|Dragon Dance|p2a: Regidrago
|-boost|p2a: Regidrago|atk|1
|-boost|p2a: Regidrago|spe|1
|move|p1a: Empoleon|Flip Turn|p2a: Regidrago
|-resisted|p2a: Regidrago
|-damage|p2a: Regidrago|390/435
|inactive|disconnectduewifi has 120 seconds left.
|
|t:|1776970937
|switch|p1a: Dachsbun|Dachsbun, L92, F|254/254|[from] Flip Turn
|
|-end|p2a: Regidrago|move: Yawn|[silent]
|-status|p2a: Regidrago|slp
|-enditem|p2a: Regidrago|Lum Berry|[eat]
|-curestatus|p2a: Regidrago|slp|[msg]
|upkeep
|turn|14
|
|t:|1776970948
|move|p2a: Regidrago|Earthquake|p1a: Dachsbun
|-damage|p1a: Dachsbun|156/254
|move|p1a: Dachsbun|Play Rough|p2a: Regidrago
|-supereffective|p2a: Regidrago
|-damage|p2a: Regidrago|88/435
|
|-heal|p1a: Dachsbun|171/254|[from] item: Leftovers
|upkeep
|turn|15
|
|t:|1776970963
|move|p2a: Regidrago|Earthquake|p1a: Dachsbun
|-damage|p1a: Dachsbun|81/254
|move|p1a: Dachsbun|Play Rough|p2a: Regidrago
|-supereffective|p2a: Regidrago
|-damage|p2a: Regidrago|0 fnt
|faint|p2a: Regidrago
|
|-heal|p1a: Dachsbun|96/254|[from] item: Leftovers
|upkeep
|
|t:|1776970975
|switch|p2a: Lapras|Lapras, L87, F|107/368
|turn|16
|
|t:|1776970980
|move|p1a: Dachsbun|Body Press|p2a: Lapras
|-supereffective|p2a: Lapras
|-damage|p2a: Lapras|0 fnt
|faint|p2a: Lapras
|
|-heal|p1a: Dachsbun|111/254|[from] item: Leftovers
|upkeep
|
|t:|1776970985
|switch|p2a: Scizor|Scizor, L79, F|240/240
|turn|17
|
|t:|1776970993
|move|p2a: Scizor|Bullet Punch|p1a: Dachsbun
|-supereffective|p1a: Dachsbun
|-damage|p1a: Dachsbun|0 fnt
|faint|p1a: Dachsbun
|
|upkeep
|inactive|disconnectduewifi has 120 seconds left.
|
|t:|1776971008
|switch|p1a: Empoleon|Empoleon, L84, M|210/278
|turn|18
|
|t:|1776971013
|switch|p2a: Weavile|Weavile, L79, M|239/239
|move|p1a: Empoleon|Yawn|p2a: Weavile
|-start|p2a: Weavile|move: Yawn|[of] p1a: Empoleon
|
|-heal|p1a: Empoleon|227/278|[from] item: Leftovers
|upkeep
|turn|19
|
|t:|1776971022
|switch|p2a: Scizor|Scizor, L79, F|240/240
|move|p1a: Empoleon|Surf|p2a: Scizor
|-crit|p2a: Scizor
|-damage|p2a: Scizor|63/240
|
|-heal|p1a: Empoleon|244/278|[from] item: Leftovers
|upkeep
|turn|20
|
|t:|1776971030
|move|p1a: Empoleon|Surf|p2a: Scizor
|-damage|p2a: Scizor|0 fnt
|faint|p2a: Scizor
|
|-heal|p1a: Empoleon|261/278|[from] item: Leftovers
|upkeep
|
|t:|1776971033
|switch|p2a: Weavile|Weavile, L79, M|239/239
|turn|21
|c|☆disconnectduewifi|Gg
|
|t:|1776971040
|move|p2a: Weavile|Low Kick|p1a: Empoleon
|-supereffective|p1a: Empoleon
|-damage|p1a: Empoleon|95/278
|move|p1a: Empoleon|Surf|p2a: Weavile
|-damage|p2a: Weavile|116/239
|
|-heal|p1a: Empoleon|112/278|[from] item: Leftovers
|upkeep
|turn|22
|
|t:|1776971053
|move|p2a: Weavile|Low Kick|p1a: Empoleon
|-supereffective|p1a: Empoleon
|-damage|p1a: Empoleon|0 fnt
|faint|p1a: Empoleon
|
|upkeep
|
|t:|1776971073
|switch|p1a: Furret|Furret, L94, F|312/312
|-item|p2a: Weavile|Choice Band|[from] ability: Frisk|[of] p1a: Furret
|turn|23
|
|t:|1776971081
|-terastallize|p1a: Furret|Ghost
|move|p2a: Weavile|Low Kick|p1a: Furret
|-immune|p1a: Furret
|move|p1a: Furret|Double-Edge|p2a: Weavile
|-damage|p2a: Weavile|0 fnt
|faint|p2a: Weavile
|-damage|p1a: Furret|274/312|[from] Recoil
|
|win|disconnectduewifi
|raw|disconnectduewifi's rating: 1567 &rarr; <strong>1585</strong><br />(+18 for winning)
|raw|NoblesseNik_05's rating: 1540 &rarr; <strong>1522</strong><br />(-18 for losing)
|l|☆NoblesseNik_05
|player|p2|
