|j|☆sdis_elmz
|j|☆Akram2011
|t:|1776971327
|gametype|singles
|player|p1|sdis_elmz|red|
|player|p2|Akram2011|n|
|gen|9
|tier|[Gen 9] Random Battle
|rule|Species Clause: Limit one of each Pokémon
|rule|HP Percentage Mod: HP is shown in percentages
|rule|Sleep Clause Mod: Limit one foe put to sleep
|rule|Illusion Level Mod: Illusion disguises the Pokémon's true level
|
|t:|1776971327
|teamsize|p1|6
|teamsize|p2|6
|start
|switch|p1a: Venusaur|Venusaur, L84, F|272/272
|switch|p2a: Mudsdale|Mudsdale, L83, M|302/302
|turn|1
|j| DARK_KARMANINJA
|
|t:|1776971348
|switch|p2a: Mienshao|Mienshao, L83, M|244/244
|move|p1a: Venusaur|Sleep Powder|p2a: Mienshao
|-status|p2a: Mienshao|slp|[from] move: Sleep Powder
|
|upkeep
|turn|2
|
|t:|1776971391
|cant|p2a: Mienshao|slp
|move|p1a: Venusaur|Leech Seed|p2a: Mienshao
|-start|p2a: Mienshao|move: Leech Seed
|
|-damage|p2a: Mienshao|214/244 slp|[from] Leech Seed|[of] p1a: Venusaur
|upkeep
|turn|3
|
|t:|1776971405
|cant|p2a: Mienshao|slp
|move|p1a: Venusaur|Substitute|p1a: Venusaur
|-start|p1a: Venusaur|Substitute
|-damage|p1a: Venusaur|204/272
|
|-heal|p1a: Venusaur|221/272|[from] item: Leftovers
|-damage|p2a: Mienshao|184/244 slp|[from] Leech Seed|[of] p1a: Venusaur
|-heal|p1a: Venusaur|251/272|[silent]
|upkeep
|turn|4
|
|t:|1776971415
|cant|p2a: Mienshao|slp
|move|p1a: Venusaur|Sludge Bomb|p2a: Mienshao
|-damage|p2a: Mienshao|93/244 slp
|
|-heal|p1a: Venusaur|268/272|[from] item: Leftovers
|-damage|p2a: Mienshao|63/244 slp|[from] Leech Seed|[of] p1a: Venusaur
|-heal|p1a: Venusaur|272/272|[silent]
|upkeep
|turn|5
|
|t:|1776971425
|-curestatus|p2a: Mienshao|slp|[msg]
|move|p2a: Mienshao|Fake Out||[still]
|-hint|Fake Out only works on your first turn out.
|-fail|p2a: Mienshao
|move|p1a: Venusaur|Sludge Bomb|p2a: Mienshao
|-damage|p2a: Mienshao|0 fnt
|faint|p2a: Mienshao
|
|upkeep
|
|t:|1776971452
|switch|p2a: Sceptile|Sceptile, L87, F|264/264
|turn|6
|
|t:|1776971460
|move|p2a: Sceptile|Focus Blast|p1a: Venusaur
|-resisted|p1a: Venusaur
|-activate|p1a: Venusaur|move: Substitute|[damage]
|move|p1a: Venusaur|Sludge Bomb|p2a: Sceptile
|-supereffective|p2a: Sceptile
|-damage|p2a: Sceptile|66/264
|
|-heal|p2a: Sceptile|82/264|[from] item: Leftovers
|upkeep
|turn|7
|
|t:|1776971493
|move|p2a: Sceptile|Focus Blast|p1a: Venusaur
|-resisted|p1a: Venusaur
|-end|p1a: Venusaur|Substitute
|move|p1a: Venusaur|Sludge Bomb|p2a: Sceptile
|-supereffective|p2a: Sceptile
|-damage|p2a: Sceptile|0 fnt
|faint|p2a: Sceptile
|
|upkeep
|
|t:|1776971507
|switch|p2a: Iron Bundle|Iron Bundle, L78|215/215
|turn|8
|
|t:|1776971521
|-terastallize|p1a: Venusaur|Water
|move|p2a: Iron Bundle|Ice Beam|p1a: Venusaur
|-resisted|p1a: Venusaur
|-damage|p1a: Venusaur|222/272
|move|p1a: Venusaur|Sleep Powder|p2a: Iron Bundle
|-status|p2a: Iron Bundle|slp|[from] move: Sleep Powder
|
|-heal|p1a: Venusaur|239/272|[from] item: Leftovers
|upkeep
|turn|9
|
|t:|1776971538
|cant|p2a: Iron Bundle|slp
|move|p1a: Venusaur|Leech Seed|p2a: Iron Bundle
|-start|p2a: Iron Bundle|move: Leech Seed
|
|-heal|p1a: Venusaur|256/272|[from] item: Leftovers
|-damage|p2a: Iron Bundle|189/215 slp|[from] Leech Seed|[of] p1a: Venusaur
|-heal|p1a: Venusaur|272/272|[silent]
|upkeep
|turn|10
|
|t:|1776971547
|cant|p2a: Iron Bundle|slp
|move|p1a: Venusaur|Substitute|p1a: Venusaur
|-start|p1a: Venusaur|Substitute
|-damage|p1a: Venusaur|204/272
|
|-heal|p1a: Venusaur|221/272|[from] item: Leftovers
|-damage|p2a: Iron Bundle|163/215 slp|[from] Leech Seed|[of] p1a: Venusaur
|-heal|p1a: Venusaur|247/272|[silent]
|upkeep
|turn|11
|
|t:|1776971558
|cant|p2a: Iron Bundle|slp
|move|p1a: Venusaur|Sludge Bomb|p2a: Iron Bundle
|-damage|p2a: Iron Bundle|15/215 slp
|
|-heal|p1a: Venusaur|264/272|[from] item: Leftovers
|-damage|p2a: Iron Bundle|0 fnt|[from] Leech Seed|[of] p1a: Venusaur
|-heal|p1a: Venusaur|272/272|[silent]
|faint|p2a: Iron Bundle
|-end|p2a: Iron Bundle|Quark Drive|[silent]
|upkeep
|
|t:|1776971570
|switch|p2a: Sandslash|Sandslash, L89, F|278/278
|turn|12
|
|t:|1776971578
|-terastallize|p2a: Sandslash|Steel
|move|p1a: Venusaur|Sleep Powder|p2a: Sandslash
|-status|p2a: Sandslash|slp|[from] move: Sleep Powder
|cant|p2a: Sandslash|slp
|
|upkeep
|turn|13
|
|t:|1776971589
|move|p1a: Venusaur|Leech Seed|p2a: Sandslash
|-start|p2a: Sandslash|move: Leech Seed
|-curestatus|p2a: Sandslash|slp|[msg]
|move|p2a: Sandslash|Knock Off|p1a: Venusaur
|-end|p1a: Venusaur|Substitute
|
|-damage|p2a: Sandslash|244/278|[from] Leech Seed|[of] p1a: Venusaur
|upkeep
|turn|14
|
|t:|1776971599
|move|p1a: Venusaur|Substitute|p1a: Venusaur
|-start|p1a: Venusaur|Substitute
|-damage|p1a: Venusaur|204/272
|move|p2a: Sandslash|Rapid Spin|p1a: Venusaur
|-activate|p1a: Venusaur|move: Substitute|[damage]
|-end|p2a: Sandslash|Leech Seed|[from] move: Rapid Spin|[of] p2a: Sandslash
|-boost|p2a: Sandslash|spe|1
|
|-heal|p2a: Sandslash|261/278|[from] item: Leftovers
|-heal|p1a: Venusaur|221/272|[from] item: Leftovers
|upkeep
|turn|15
|l| DARK_KARMANINJA
|j| DARK_KARMANINJA
|inactive|Battle timer is ON: inactive players will automatically lose when time's up. (requested by sdis_elmz)
|inactive|Akram2011 has 270 seconds left.
|
|t:|1776971760
|move|p2a: Sandslash|Knock Off|p1a: Venusaur
|-end|p1a: Venusaur|Substitute
|move|p1a: Venusaur|Sleep Powder|p2a: Sandslash
|-status|p2a: Sandslash|slp|[from] move: Sleep Powder
|
|-heal|p2a: Sandslash|278/278 slp|[from] item: Leftovers
|-heal|p1a: Venusaur|238/272|[from] item: Leftovers
|upkeep
|turn|16
|
|t:|1776971779
|cant|p2a: Sandslash|slp
|move|p1a: Venusaur|Substitute|p1a: Venusaur
|-start|p1a: Venusaur|Substitute
|-damage|p1a: Venusaur|170/272
|
|-heal|p1a: Venusaur|187/272|[from] item: Leftovers
|upkeep
|turn|17
|
|t:|1776971787
|cant|p2a: Sandslash|slp
|move|p1a: Venusaur|Leech Seed|p2a: Sandslash
|-start|p2a: Sandslash|move: Leech Seed
|
|-heal|p1a: Venusaur|204/272|[from] item: Leftovers
|-damage|p2a: Sandslash|244/278 slp|[from] Leech Seed|[of] p1a: Venusaur
|-heal|p1a: Venusaur|238/272|[silent]
|upkeep
|turn|18
|
|t:|1776971801
|switch|p1a: Chesnaught|Chesnaught, L84, M|285/285
|-curestatus|p2a: Sandslash|slp|[msg]
|move|p2a: Sandslash|Rapid Spin|p1a: Chesnaught
|-damage|p1a: Chesnaught|252/285
|-boost|p2a: Sandslash|spe|1
|-end|p2a: Sandslash|Leech Seed|[from] move: Rapid Spin|[of] p2a: Sandslash
|
|-heal|p2a: Sandslash|261/278|[from] item: Leftovers
|-heal|p1a: Chesnaught|269/285|[from] item: Leftovers
|upkeep
|turn|19
|
|t:|1776971817
|switch|p2a: Kleavor|Kleavor, L78, M|237/237
|move|p1a: Chesnaught|Body Press|p2a: Kleavor
|-damage|p2a: Kleavor|138/237
|
|-heal|p1a: Chesnaught|285/285|[from] item: Leftovers
|upkeep
|turn|20
|
|t:|1776971830
|switch|p1a: Venusaur|Venusaur, L84, F, tera:Water|238/272
|move|p2a: Kleavor|Swords Dance|p2a: Kleavor
|-boost|p2a: Kleavor|atk|2
|
|-heal|p1a: Venusaur|255/272|[from] item: Leftovers
|upkeep
|turn|21
|
|t:|1776971844
|move|p1a: Venusaur|Sleep Powder|p2a: Kleavor|[miss]
|-miss|p1a: Venusaur|p2a: Kleavor
|move|p2a: Kleavor|X-Scissor|p1a: Venusaur
|-damage|p1a: Venusaur|0 fnt
|faint|p1a: Venusaur
|
|upkeep
|
|t:|1776971855
|switch|p1a: Primarina|Primarina, L83, M|268/268
|turn|22
|
|t:|1776971863
|move|p2a: Kleavor|Stone Axe|p1a: Primarina
|-damage|p1a: Primarina|18/268
|-sidestart|p1: sdis_elmz|move: Stealth Rock
|move|p1a: Primarina|Psychic Noise|p2a: Kleavor
|-supereffective|p2a: Kleavor
|-damage|p2a: Kleavor|0 fnt
|faint|p2a: Kleavor
|
|-heal|p1a: Primarina|34/268|[from] item: Leftovers
|upkeep
|
|t:|1776971875
|switch|p2a: Sandslash|Sandslash, L89, F, tera:Steel|261/278
|turn|23
|
|t:|1776971884
|move|p2a: Sandslash|Swords Dance|p2a: Sandslash
|-boost|p2a: Sandslash|atk|2
|move|p1a: Primarina|Psychic Noise|p2a: Sandslash
|-damage|p2a: Sandslash|137/278
|-start|p2a: Sandslash|move: Heal Block
|
|-heal|p1a: Primarina|50/268|[from] item: Leftovers
|upkeep
|turn|24
|
|t:|1776971897
|move|p2a: Sandslash|Knock Off|p1a: Primarina
|-resisted|p1a: Primarina
|-damage|p1a: Primarina|0 fnt
|-enditem|p1a: Primarina|Leftovers|[from] move: Knock Off|[of] p2a: Sandslash
|faint|p1a: Primarina
|
|-end|p2a: Sandslash|move: Heal Block
|upkeep
|
|t:|1776971915
|switch|p1a: Chesnaught|Chesnaught, L84, M|285/285
|-damage|p1a: Chesnaught|268/285|[from] Stealth Rock
|turn|25
|
|t:|1776971931
|move|p2a: Sandslash|Rapid Spin|p1a: Chesnaught
|-damage|p1a: Chesnaught|206/285
|-boost|p2a: Sandslash|spe|1
|move|p1a: Chesnaught|Body Press|p2a: Sandslash
|-supereffective|p2a: Sandslash
|-damage|p2a: Sandslash|0 fnt
|faint|p2a: Sandslash
|
|-heal|p1a: Chesnaught|223/285|[from] item: Leftovers
|upkeep
|
|t:|1776971942
|switch|p2a: Mudsdale|Mudsdale, L83, M|302/302
|turn|26
|
|t:|1776971948
|move|p1a: Chesnaught|Wood Hammer|p2a: Mudsdale
|-supereffective|p2a: Mudsdale
|-damage|p2a: Mudsdale|66/302
|-ability|p2a: Mudsdale|Stamina|boost
|-boost|p2a: Mudsdale|def|1
|-damage|p1a: Chesnaught|145/285|[from] Recoil
|move|p2a: Mudsdale|Roar|p1a: Chesnaught
|drag|p1a: Incineroar|Incineroar, L82, M|290/290
|-damage|p1a: Incineroar|218/290|[from] Stealth Rock
|-ability|p1a: Incineroar|Intimidate|boost
|-unboost|p2a: Mudsdale|atk|1
|
|-heal|p2a: Mudsdale|84/302|[from] item: Leftovers
|upkeep
|turn|27
|
|t:|1776971964
|move|p1a: Incineroar|Overheat|p2a: Mudsdale
|-crit|p2a: Mudsdale
|-damage|p2a: Mudsdale|0 fnt
|-unboost|p1a: Incineroar|spa|2
|faint|p2a: Mudsdale
|
|win|sdis_elmz
|l|☆Akram2011
|player|p2|
