|j|☆adriano08
|j|‽lakeandbake
|t:|1776984151
|gametype|singles
|player|p1|adriano08|leon-masters|1621
|player|p2|lakeandbake|iono-masters|1670
|gen|9
|tier|[Gen 9] Random Battle
|rated|
|rule|Species Clause: Limit one of each Pokémon
|rule|HP Percentage Mod: HP is shown in percentages
|rule|Sleep Clause Mod: Limit one foe put to sleep
|rule|Illusion Level Mod: Illusion disguises the Pokémon's true level
|
|t:|1776984151
|teamsize|p1|6
|teamsize|p2|6
|start
|switch|p1a: Zebstrika|Zebstrika, L87, F|272/272
|switch|p2a: Cresselia|Cresselia, L80, F|323/323
|turn|1
|inactive|Battle timer is ON: inactive players will automatically lose when time's up. (requested by adriano08)
|
|t:|1776984189
|switch|p2a: Palossand|Palossand, L89, M|296/296
|move|p1a: Zebstrika|Volt Switch|p2a: Palossand
|-immune|p2a: Palossand
|
|upkeep
|turn|2
|
|t:|1776984204
|switch|p1a: Clawitzer|Clawitzer, L87, F|265/265
|move|p2a: Palossand|Stealth Rock|p1a: Clawitzer
|-sidestart|p1: adriano08|move: Stealth Rock
|
|upkeep
|turn|3
|inactive|lakeandbake has 120 seconds left.
|
|t:|1776984243
|switch|p2a: Toxicroak|Toxicroak, L84, M|277/277
|move|p1a: Clawitzer|Water Pulse|p2a: Toxicroak
|-immune|p2a: Toxicroak|[from] ability: Dry Skin
|
|upkeep
|turn|4
|
|t:|1776984268
|switch|p1a: Staraptor|Staraptor, L79, M|263/263
|-damage|p1a: Staraptor|198/263|[from] Stealth Rock
|move|p2a: Toxicroak|Swords Dance|p2a: Toxicroak
|-boost|p2a: Toxicroak|atk|2
|
|upkeep
|turn|5
|
|t:|1776984281
|switch|p2a: Cresselia|Cresselia, L80, F|323/323
|-terastallize|p1a: Staraptor|Fighting
|move|p1a: Staraptor|Brave Bird|p2a: Cresselia
|-damage|p2a: Cresselia|119/323
|-damage|p1a: Staraptor|131/263|[from] Recoil
|
|-heal|p2a: Cresselia|139/323|[from] item: Leftovers
|upkeep
|turn|6
|
|t:|1776984299
|move|p1a: Staraptor|Brave Bird|p2a: Cresselia
|-damage|p2a: Cresselia|0 fnt
|faint|p2a: Cresselia
|-damage|p1a: Staraptor|85/263|[from] Recoil
|
|upkeep
|
|t:|1776984310
|switch|p2a: Cinderace|Cinderace, L77, F|249/249
|turn|7
|
|t:|1776984319
|switch|p1a: Scream Tail|Scream Tail, L84|330/330
|-damage|p1a: Scream Tail|289/330|[from] Stealth Rock
|move|p2a: Cinderace|Pyro Ball|p1a: Scream Tail
|-damage|p1a: Scream Tail|169/330
|
|-heal|p1a: Scream Tail|189/330|[from] item: Leftovers
|upkeep
|turn|8
|
|t:|1776984331
|move|p1a: Scream Tail|Wish|p1a: Scream Tail
|move|p2a: Cinderace|U-turn|p1a: Scream Tail
|-start|p2a: Cinderace|typechange|Bug|[from] ability: Libero
|-damage|p1a: Scream Tail|123/330
|
|t:|1776984336
|switch|p2a: Spidops|Spidops, L96, M|271/271|[from] U-turn
|
|-heal|p1a: Scream Tail|143/330|[from] item: Leftovers
|upkeep
|turn|9
|
|t:|1776984342
|-end|p1a: Scream Tail|Protosynthesis|[silent]
|switch|p1a: Staraptor|Staraptor, L79, M, tera:Fighting|85/263
|-damage|p1a: Staraptor|69/263|[from] Stealth Rock
|move|p2a: Spidops|Sticky Web|p1a: Staraptor
|-sidestart|p1: adriano08|move: Sticky Web
|
|-heal|p1a: Staraptor|234/263|[from] move: Wish|[wisher] Scream Tail
|upkeep
|turn|10
|inactive|lakeandbake has 90 seconds left.
|
|t:|1776984393
|-terastallize|p2a: Spidops|Ghost
|move|p1a: Staraptor|Brave Bird|p2a: Spidops
|-damage|p2a: Spidops|84/271
|-damage|p1a: Staraptor|172/263|[from] Recoil
|move|p2a: Spidops|Knock Off|p1a: Staraptor
|-resisted|p1a: Staraptor
|-damage|p1a: Staraptor|123/263
|-enditem|p1a: Staraptor|Choice Band|[from] move: Knock Off|[of] p2a: Spidops
|
|upkeep
|turn|11
|
|t:|1776984406
|move|p1a: Staraptor|Brave Bird|p2a: Spidops
|-damage|p2a: Spidops|0 fnt
|faint|p2a: Spidops
|-damage|p1a: Staraptor|95/263|[from] Recoil
|
|upkeep
|
|t:|1776984413
|switch|p2a: Cinderace|Cinderace, L77, F|249/249
|turn|12
|
|t:|1776984420
|move|p1a: Staraptor|Quick Attack|p2a: Cinderace
|-damage|p2a: Cinderace|192/249
|move|p2a: Cinderace|Pyro Ball|p1a: Staraptor
|-damage|p1a: Staraptor|0 fnt
|faint|p1a: Staraptor
|
|upkeep
|
|t:|1776984432
|switch|p1a: Charizard|Charizard, L85, M|271/271
|turn|13
|
|t:|1776984438
|move|p2a: Cinderace|U-turn|p1a: Charizard
|-start|p2a: Cinderace|typechange|Bug|[from] ability: Libero
|-resisted|p1a: Charizard
|-damage|p1a: Charizard|251/271
|
|t:|1776984443
|switch|p2a: Palossand|Palossand, L89, M|296/296|[from] U-turn
|move|p1a: Charizard|Earthquake|p2a: Palossand
|-damage|p2a: Palossand|242/296
|
|-heal|p2a: Palossand|260/296|[from] item: Leftovers
|upkeep
|turn|14
|
|t:|1776984451
|move|p1a: Charizard|Will-O-Wisp|p2a: Palossand
|-status|p2a: Palossand|brn
|move|p2a: Palossand|Shadow Ball|p1a: Charizard
|-damage|p1a: Charizard|155/271
|
|-heal|p2a: Palossand|278/296 brn|[from] item: Leftovers
|-damage|p2a: Palossand|260/296 brn|[from] brn
|upkeep
|turn|15
|
|t:|1776984460
|move|p1a: Charizard|Hurricane|p2a: Palossand
|-damage|p2a: Palossand|107/296 brn
|-start|p2a: Palossand|confusion
|-activate|p2a: Palossand|confusion
|move|p2a: Palossand|Shadow Ball|p1a: Charizard
|-damage|p1a: Charizard|61/271
|
|-heal|p2a: Palossand|125/296 brn|[from] item: Leftovers
|-damage|p2a: Palossand|107/296 brn|[from] brn
|upkeep
|turn|16
|
|t:|1776984478
|switch|p2a: Wugtrio|Wugtrio, L91, F|212/212
|move|p1a: Charizard|Flamethrower|p2a: Wugtrio
|-resisted|p2a: Wugtrio
|-damage|p2a: Wugtrio|128/212
|-status|p2a: Wugtrio|brn
|
|-damage|p2a: Wugtrio|115/212 brn|[from] brn
|upkeep
|turn|17
|
|t:|1776984493
|switch|p1a: Clawitzer|Clawitzer, L87, F|265/265
|-damage|p1a: Clawitzer|232/265|[from] Stealth Rock
|-activate|p1a: Clawitzer|move: Sticky Web
|-unboost|p1a: Clawitzer|spe|1
|move|p2a: Wugtrio|Liquidation|p1a: Clawitzer
|-resisted|p1a: Clawitzer
|-damage|p1a: Clawitzer|195/265
|
|-damage|p2a: Wugtrio|102/212 brn|[from] brn
|upkeep
|turn|18
|
|t:|1776984516
|move|p2a: Wugtrio|Liquidation|p1a: Clawitzer
|-resisted|p1a: Clawitzer
|-damage|p1a: Clawitzer|158/265
|move|p1a: Clawitzer|Dragon Pulse|p2a: Wugtrio
|-damage|p2a: Wugtrio|0 fnt
|faint|p2a: Wugtrio
|
|upkeep
|inactive|lakeandbake has 90 seconds left.
|
|t:|1776984530
|switch|p2a: Toxicroak|Toxicroak, L84, M|277/277
|turn|19
|
|t:|1776984534
|move|p2a: Toxicroak|Close Combat|p1a: Clawitzer
|-damage|p1a: Clawitzer|0 fnt
|-unboost|p2a: Toxicroak|def|1
|-unboost|p2a: Toxicroak|spd|1
|faint|p1a: Clawitzer
|-damage|p2a: Toxicroak|250/277|[from] item: Life Orb
|
|upkeep
|
|t:|1776984539
|switch|p1a: Charizard|Charizard, L85, M|61/271
|turn|20
|
|t:|1776984548
|switch|p2a: Palossand|Palossand, L89, M|107/296 brn
|move|p1a: Charizard|Earthquake|p2a: Palossand
|-damage|p2a: Palossand|57/296 brn
|
|-heal|p2a: Palossand|75/296 brn|[from] item: Leftovers
|-damage|p2a: Palossand|57/296 brn|[from] brn
|upkeep
|turn|21
|
|t:|1776984556
|move|p1a: Charizard|Flamethrower|p2a: Palossand
|-damage|p2a: Palossand|0 fnt
|faint|p2a: Palossand
|
|upkeep
|
|t:|1776984560
|switch|p2a: Cinderace|Cinderace, L77, F|192/249
|turn|22
|
|t:|1776984568
|switch|p1a: Scream Tail|Scream Tail, L84|143/330
|-damage|p1a: Scream Tail|102/330|[from] Stealth Rock
|-activate|p1a: Scream Tail|move: Sticky Web
|-unboost|p1a: Scream Tail|spe|1
|move|p2a: Cinderace|Pyro Ball|p1a: Scream Tail
|-damage|p1a: Scream Tail|0 fnt
|faint|p1a: Scream Tail
|-end|p1a: Scream Tail|Protosynthesis|[silent]
|
|upkeep
|
|t:|1776984576
|switch|p1a: Zebstrika|Zebstrika, L87, F|272/272
|-damage|p1a: Zebstrika|238/272|[from] Stealth Rock
|-activate|p1a: Zebstrika|move: Sticky Web
|-unboost|p1a: Zebstrika|spe|1
|turn|23
|
|t:|1776984584
|switch|p2a: Toxicroak|Toxicroak, L84, M|250/277
|move|p1a: Zebstrika|High Horsepower|p2a: Toxicroak
|-supereffective|p2a: Toxicroak
|-damage|p2a: Toxicroak|16/277
|-damage|p1a: Zebstrika|211/272|[from] item: Life Orb
|
|upkeep
|turn|24
|
|t:|1776984595
|move|p2a: Toxicroak|Earthquake|p1a: Zebstrika
|-supereffective|p1a: Zebstrika
|-damage|p1a: Zebstrika|0 fnt
|faint|p1a: Zebstrika
|-damage|p2a: Toxicroak|0 fnt|[from] item: Life Orb
|faint|p2a: Toxicroak
|
|upkeep
|
|t:|1776984605
|switch|p1a: Charizard|Charizard, L85, M|61/271
|switch|p2a: Cinderace|Cinderace, L77, F|192/249
|turn|25
|
|t:|1776984612
|move|p2a: Cinderace|Pyro Ball|p1a: Charizard|[miss]
|-miss|p2a: Cinderace|p1a: Charizard
|move|p1a: Charizard|Hurricane|p2a: Cinderace
|-damage|p2a: Cinderace|35/249
|-start|p2a: Cinderace|confusion
|
|upkeep
|turn|26
|
|t:|1776984619
|-activate|p2a: Cinderace|confusion
|move|p2a: Cinderace|Pyro Ball|p1a: Charizard
|-resisted|p1a: Charizard
|-damage|p1a: Charizard|0 fnt
|faint|p1a: Charizard
|
|upkeep
|
|t:|1776984622
|switch|p1a: Galvantula|Galvantula, L82, F|249/249
|turn|27
|
|t:|1776984629
|-activate|p2a: Cinderace|confusion
|-damage|p2a: Cinderace|0 fnt|[from] confusion
|faint|p2a: Cinderace
|
|win|adriano08
|raw|adriano08's rating: 1639 &rarr; <strong>1661</strong><br />(+22 for winning)
|raw|lakeandbake's rating: 1670 &rarr; <strong>1648</strong><br />(-22 for losing)
