|j|☆pride_4141
|j|☆Acetrainerliam89
|t:|1776972385
|gametype|singles
|player|p1|pride_4141|cynthia|1266
|player|p2|Acetrainerliam89|101|1293
|gen|9
|tier|[Gen 9] Random Battle
|rated|
|rule|Species Clause: Limit one of each Pokémon
|rule|HP Percentage Mod: HP is shown in percentages
|rule|Sleep Clause Mod: Limit one foe put to sleep
|rule|Illusion Level Mod: Illusion disguises the Pokémon's true level
|
|t:|1776972385
|teamsize|p1|6
|teamsize|p2|6
|start
|switch|p1a: Golduck|Golduck, L90, F|290/290
|switch|p2a: Miraidon|Miraidon, L65|238/238
|-fieldstart|move: Electric Terrain|[from] ability: Hadron Engine|[of] p2a: Miraidon
|-ability|p1a: Golduck|Cloud Nine
|turn|1
|inactive|Battle timer is ON: inactive players will automatically lose when time's up. (requested by Acetrainerliam89)
|
|t:|1776972398
|switch|p1a: Jolteon|Jolteon, L84, M|246/246
|move|p2a: Miraidon|Calm Mind|p2a: Miraidon
|-boost|p2a: Miraidon|spa|1
|-boost|p2a: Miraidon|spd|1
|
|upkeep
|turn|2
|
|t:|1776972411
|switch|p1a: Golduck|Golduck, L90, F|290/290
|-ability|p1a: Golduck|Cloud Nine
|move|p2a: Miraidon|Dragon Pulse|p1a: Golduck
|-damage|p1a: Golduck|113/290
|-damage|p2a: Miraidon|215/238|[from] item: Life Orb
|
|upkeep
|turn|3
|
|t:|1776972421
|move|p2a: Miraidon|Dragon Pulse|p1a: Golduck
|-damage|p1a: Golduck|0 fnt
|faint|p1a: Golduck
|-damage|p2a: Miraidon|192/238|[from] item: Life Orb
|
|upkeep
|
|t:|1776972430
|switch|p1a: Typhlosion|Typhlosion, L84, F|267/267
|turn|4
|
|t:|1776972441
|move|p1a: Typhlosion|Eruption|p2a: Miraidon
|-resisted|p2a: Miraidon
|-damage|p2a: Miraidon|127/238
|move|p2a: Miraidon|Electro Drift|p1a: Typhlosion
|-damage|p1a: Typhlosion|0 fnt
|faint|p1a: Typhlosion
|-damage|p2a: Miraidon|104/238|[from] item: Life Orb
|
|upkeep
|
|t:|1776972454
|switch|p1a: Kyogre|Kyogre, L71|259/259
|-weather|RainDance|[from] ability: Drizzle|[of] p1a: Kyogre
|turn|5
|
|t:|1776972475
|switch|p1a: Jolteon|Jolteon, L84, M|246/246
|move|p2a: Miraidon|Dragon Pulse|p1a: Jolteon
|-damage|p1a: Jolteon|59/246
|-damage|p2a: Miraidon|81/238|[from] item: Life Orb
|
|-weather|RainDance|[upkeep]
|-heal|p1a: Jolteon|74/246|[from] item: Leftovers
|-fieldend|move: Electric Terrain
|upkeep
|turn|6
|
|t:|1776972500
|switch|p1a: Kyogre|Kyogre, L71|259/259
|move|p2a: Miraidon|Dragon Pulse|p1a: Kyogre
|-damage|p1a: Kyogre|137/259
|-damage|p2a: Miraidon|58/238|[from] item: Life Orb
|
|-weather|RainDance|[upkeep]
|-heal|p1a: Kyogre|153/259|[from] item: Leftovers
|upkeep
|turn|7
|
|t:|1776972512
|move|p2a: Miraidon|Draco Meteor|p1a: Kyogre
|-damage|p1a: Kyogre|0 fnt
|-unboost|p2a: Miraidon|spa|2
|faint|p1a: Kyogre
|-damage|p2a: Miraidon|35/238|[from] item: Life Orb
|
|-weather|RainDance|[upkeep]
|upkeep
|
|t:|1776972520
|switch|p1a: Jolteon|Jolteon, L84, M|74/246
|turn|8
|
|t:|1776972525
|switch|p2a: Gastrodon|Gastrodon-East, L86, M|331/331
|move|p1a: Jolteon|Tera Blast|p2a: Gastrodon
|-damage|p2a: Gastrodon|265/331
|
|-weather|RainDance|[upkeep]
|-heal|p1a: Jolteon|89/246|[from] item: Leftovers
|-heal|p2a: Gastrodon|285/331|[from] item: Leftovers
|upkeep
|turn|9
|
|t:|1776972542
|move|p1a: Jolteon|Substitute|p1a: Jolteon
|-start|p1a: Jolteon|Substitute
|-damage|p1a: Jolteon|28/246
|move|p2a: Gastrodon|Earthquake|p1a: Jolteon
|-supereffective|p1a: Jolteon
|-end|p1a: Jolteon|Substitute
|
|-weather|none
|-heal|p1a: Jolteon|43/246|[from] item: Leftovers
|-heal|p2a: Gastrodon|305/331|[from] item: Leftovers
|upkeep
|turn|10
|inactive|pride_4141 has 120 seconds left.
|
|t:|1776972559
|-terastallize|p1a: Jolteon|Ice
|move|p1a: Jolteon|Tera Blast|p2a: Gastrodon|[anim] Tera Blast Ice
|-damage|p2a: Gastrodon|217/331
|move|p2a: Gastrodon|Ice Beam|p1a: Jolteon
|-resisted|p1a: Jolteon
|-damage|p1a: Jolteon|11/246
|
|-heal|p1a: Jolteon|26/246|[from] item: Leftovers
|-heal|p2a: Gastrodon|237/331|[from] item: Leftovers
|upkeep
|turn|11
|inactive|pride_4141 has 120 seconds left.
|
|t:|1776972572
|move|p1a: Jolteon|Tera Blast|p2a: Gastrodon|[anim] Tera Blast Ice
|-damage|p2a: Gastrodon|143/331
|move|p2a: Gastrodon|Spikes|p1a: Jolteon
|-sidestart|p1: pride_4141|Spikes
|
|-heal|p1a: Jolteon|41/246|[from] item: Leftovers
|-heal|p2a: Gastrodon|163/331|[from] item: Leftovers
|upkeep
|turn|12
|
|t:|1776972580
|move|p1a: Jolteon|Tera Blast|p2a: Gastrodon|[anim] Tera Blast Ice
|-damage|p2a: Gastrodon|61/331
|move|p2a: Gastrodon|Recover|p2a: Gastrodon
|-heal|p2a: Gastrodon|227/331
|
|-heal|p1a: Jolteon|56/246|[from] item: Leftovers
|-heal|p2a: Gastrodon|247/331|[from] item: Leftovers
|upkeep
|turn|13
|
|t:|1776972589
|move|p1a: Jolteon|Calm Mind|p1a: Jolteon
|-boost|p1a: Jolteon|spa|1
|-boost|p1a: Jolteon|spd|1
|move|p2a: Gastrodon|Spikes|p1a: Jolteon
|-sidestart|p1: pride_4141|Spikes
|
|-heal|p1a: Jolteon|71/246|[from] item: Leftovers
|-heal|p2a: Gastrodon|267/331|[from] item: Leftovers
|upkeep
|turn|14
|
|t:|1776972597
|move|p1a: Jolteon|Tera Blast|p2a: Gastrodon|[anim] Tera Blast Ice
|-damage|p2a: Gastrodon|131/331
|move|p2a: Gastrodon|Earthquake|p1a: Jolteon
|-damage|p1a: Jolteon|0 fnt
|faint|p1a: Jolteon
|
|-heal|p2a: Gastrodon|151/331|[from] item: Leftovers
|upkeep
|
|t:|1776972608
|switch|p1a: Volcarona|Volcarona, L77, M|257/257
|turn|15
|
|t:|1776972632
|-terastallize|p2a: Gastrodon|Steel
|move|p1a: Volcarona|Quiver Dance|p1a: Volcarona
|-boost|p1a: Volcarona|spa|1
|-boost|p1a: Volcarona|spd|1
|-boost|p1a: Volcarona|spe|1
|move|p2a: Gastrodon|Ice Beam|p1a: Volcarona
|-resisted|p1a: Volcarona
|-damage|p1a: Volcarona|237/257
|
|-heal|p2a: Gastrodon|171/331|[from] item: Leftovers
|upkeep
|turn|16
|
|t:|1776972644
|switch|p2a: Torkoal|Torkoal, L88, F|266/266
|-weather|SunnyDay|[from] ability: Drought|[of] p2a: Torkoal
|move|p1a: Volcarona|Quiver Dance|p1a: Volcarona
|-boost|p1a: Volcarona|spa|1
|-boost|p1a: Volcarona|spd|1
|-boost|p1a: Volcarona|spe|1
|
|-weather|SunnyDay|[upkeep]
|upkeep
|turn|17
|
|t:|1776972663
|move|p1a: Volcarona|Quiver Dance|p1a: Volcarona
|-boost|p1a: Volcarona|spa|1
|-boost|p1a: Volcarona|spd|1
|-boost|p1a: Volcarona|spe|1
|move|p2a: Torkoal|Yawn|p1a: Volcarona
|-start|p1a: Volcarona|move: Yawn|[of] p2a: Torkoal
|
|-weather|SunnyDay|[upkeep]
|upkeep
|turn|18
|
|t:|1776972673
|move|p1a: Volcarona|Fire Blast|p2a: Torkoal
|-resisted|p2a: Torkoal
|-damage|p2a: Torkoal|5/266
|move|p2a: Torkoal|Stealth Rock|p1a: Volcarona
|-sidestart|p1: pride_4141|move: Stealth Rock
|
|-weather|SunnyDay|[upkeep]
|-end|p1a: Volcarona|move: Yawn|[silent]
|-status|p1a: Volcarona|slp
|upkeep
|turn|19
|
|t:|1776972689
|switch|p2a: Basculegion|Basculegion, L80, M|323/323
|cant|p1a: Volcarona|slp
|
|-weather|SunnyDay|[upkeep]
|upkeep
|turn|20
|
|t:|1776972698
|cant|p1a: Volcarona|slp
|move|p2a: Basculegion|Wave Crash|p1a: Volcarona
|-supereffective|p1a: Volcarona
|-damage|p1a: Volcarona|0 fnt
|-status|p2a: Basculegion|brn|[from] ability: Flame Body|[of] p1a: Volcarona
|faint|p1a: Volcarona
|-damage|p2a: Basculegion|245/323 brn|[from] Recoil
|
|-weather|none
|-damage|p2a: Basculegion|225/323 brn|[from] brn
|upkeep
|
|t:|1776972710
|switch|p1a: Zekrom|Zekrom, L71|259/259
|-damage|p1a: Zekrom|216/259|[from] Spikes
|-damage|p1a: Zekrom|184/259|[from] Stealth Rock
|-ability|p1a: Zekrom|Teravolt
|turn|21
|
|t:|1776972729
|move|p2a: Basculegion|Shadow Ball|p1a: Zekrom
|-damage|p1a: Zekrom|90/259
|move|p1a: Zekrom|Dragon Dance|p1a: Zekrom
|-boost|p1a: Zekrom|atk|1
|-boost|p1a: Zekrom|spe|1
|
|-heal|p1a: Zekrom|106/259|[from] item: Leftovers
|-damage|p2a: Basculegion|205/323 brn|[from] brn
|upkeep
|turn|22
|
|t:|1776972739
|move|p1a: Zekrom|Bolt Strike|p2a: Basculegion
|-supereffective|p2a: Basculegion
|-damage|p2a: Basculegion|0 fnt
|faint|p2a: Basculegion
|
|-heal|p1a: Zekrom|122/259|[from] item: Leftovers
|upkeep
|
|t:|1776972752
|switch|p2a: Regidrago|Regidrago, L77|435/435
|turn|23
|
|t:|1776972758
|move|p1a: Zekrom|Bolt Strike|p2a: Regidrago
|-resisted|p2a: Regidrago
|-damage|p2a: Regidrago|259/435
|-status|p2a: Regidrago|par
|move|p2a: Regidrago|Earthquake|p1a: Zekrom
|-supereffective|p1a: Zekrom
|-damage|p1a: Zekrom|8/259
|
|-heal|p1a: Zekrom|24/259|[from] item: Leftovers
|upkeep
|turn|24
|
|t:|1776972769
|move|p1a: Zekrom|Outrage|p2a: Regidrago
|-supereffective|p2a: Regidrago
|-damage|p2a: Regidrago|0 fnt
|faint|p2a: Regidrago
|
|-heal|p1a: Zekrom|40/259|[from] item: Leftovers
|upkeep
|
|t:|1776972774
|switch|p2a: Torkoal|Torkoal, L88, F|5/266
|-weather|SunnyDay|[from] ability: Drought|[of] p2a: Torkoal
|turn|25
|
|t:|1776972781
|move|p1a: Zekrom|Outrage|p2a: Torkoal|[from] lockedmove
|-damage|p2a: Torkoal|0 fnt
|faint|p2a: Torkoal
|
|-weather|SunnyDay|[upkeep]
|-heal|p1a: Zekrom|56/259|[from] item: Leftovers
|upkeep
|
|t:|1776972795
|switch|p2a: Miraidon|Miraidon, L65|35/238
|-fieldstart|move: Electric Terrain|[from] ability: Hadron Engine|[of] p2a: Miraidon
|turn|26
|
|t:|1776972804
|move|p1a: Zekrom|Outrage|p2a: Miraidon|[from] lockedmove
|-supereffective|p2a: Miraidon
|-damage|p2a: Miraidon|0 fnt
|faint|p2a: Miraidon
|-start|p1a: Zekrom|confusion|[fatigue]
|
|-weather|SunnyDay|[upkeep]
|-heal|p1a: Zekrom|72/259|[from] item: Leftovers
|upkeep
|
|t:|1776972808
|switch|p2a: Jolteon|Jolteon, L84, M|246/246
|turn|27
|
|t:|1776972815
|move|p2a: Jolteon|Tera Blast|p1a: Zekrom
|-damage|p1a: Zekrom|5/259
|-activate|p1a: Zekrom|confusion
|move|p1a: Zekrom|Outrage|p2a: Jolteon
|-damage|p2a: Jolteon|8/246
|
|-weather|SunnyDay|[upkeep]
|-heal|p2a: Jolteon|23/246|[from] item: Leftovers
|-heal|p1a: Zekrom|21/259|[from] item: Leftovers
|upkeep
|turn|28
|
|t:|1776972826
|move|p2a: Jolteon|Tera Blast|p1a: Zekrom
|-damage|p1a: Zekrom|0 fnt
|faint|p1a: Zekrom
|
|win|Acetrainerliam89
|raw|pride_4141's rating: 1266 &rarr; <strong>1243</strong><br />(-23 for losing)
|raw|Acetrainerliam89's rating: 1293 &rarr; <strong>1316</strong><br />(+23 for winning)
