|j|☆lummerr
|j|☆Jdjsjjdd
|t:|1776978745
|gametype|singles
|player|p1|lummerr|1|1226
|player|p2|Jdjsjjdd|266|1208
|gen|9
|tier|[Gen 9] Random Battle
|rated|
|rule|Species Clause: Limit one of each Pokémon
|rule|HP Percentage Mod: HP is shown in percentages
|rule|Sleep Clause Mod: Limit one foe put to sleep
|rule|Illusion Level Mod: Illusion disguises the Pokémon's true level
|
|t:|1776978745
|teamsize|p1|6
|teamsize|p2|6
|start
|switch|p1a: Azumarill|Azumarill, L82, F|298/298
|switch|p2a: Iron Leaves|Iron Leaves, L80|275/275
|turn|1
|inactive|Battle timer is ON: inactive players will automatically lose when time's up. (requested by Jdjsjjdd)
|
|t:|1776978763
|move|p2a: Iron Leaves|Swords Dance|p2a: Iron Leaves
|-boost|p2a: Iron Leaves|atk|2
|move|p1a: Azumarill|Belly Drum|p1a: Azumarill
|-damage|p1a: Azumarill|149/298
|-setboost|p1a: Azumarill|atk|6|[from] move: Belly Drum
|-enditem|p1a: Azumarill|Sitrus Berry|[eat]
|-heal|p1a: Azumarill|223/298|[from] item: Sitrus Berry
|
|upkeep
|turn|2
|
|t:|1776978773
|move|p2a: Iron Leaves|Leaf Blade|p1a: Azumarill
|-supereffective|p1a: Azumarill
|-damage|p1a: Azumarill|0 fnt
|faint|p1a: Azumarill
|-damage|p2a: Iron Leaves|248/275|[from] item: Life Orb
|
|upkeep
|
|t:|1776978795
|switch|p1a: Delphox|Delphox, L84, M|263/263
|turn|3
|
|t:|1776978804
|-end|p2a: Iron Leaves|Quark Drive|[silent]
|switch|p2a: Kingdra|Kingdra, L84, M|263/263
|move|p1a: Delphox|Fire Blast|p2a: Kingdra
|-resisted|p2a: Kingdra
|-damage|p2a: Kingdra|213/263
|
|upkeep
|turn|4
|
|t:|1776978819
|switch|p1a: Porygon2|Porygon2, L81|270/270
|-ability|p1a: Porygon2|Download|boost
|-boost|p1a: Porygon2|spa|1
|switch|p2a: Kricketune|Kricketune, L99, F|312/312
|
|upkeep
|turn|5
|
|t:|1776978830
|move|p2a: Kricketune|Sticky Web|p1a: Porygon2
|-sidestart|p1: lummerr|move: Sticky Web
|move|p1a: Porygon2|Tri Attack|p2a: Kricketune
|-damage|p2a: Kricketune|146/312
|
|upkeep
|turn|6
|inactive|lummerr has 120 seconds left.
|
|t:|1776978861
|move|p2a: Kricketune|Knock Off|p1a: Porygon2
|-damage|p1a: Porygon2|214/270
|-enditem|p1a: Porygon2|Eviolite|[from] move: Knock Off|[of] p2a: Kricketune
|move|p1a: Porygon2|Tri Attack|p2a: Kricketune
|-damage|p2a: Kricketune|0 fnt
|faint|p2a: Kricketune
|
|upkeep
|
|t:|1776978879
|switch|p2a: Mabosstiff|Mabosstiff, L86, M|278/278
|turn|7
|
|t:|1776978887
|move|p2a: Mabosstiff|Crunch|p1a: Porygon2
|-damage|p1a: Porygon2|63/270
|move|p1a: Porygon2|Tri Attack|p2a: Mabosstiff
|-damage|p2a: Mabosstiff|122/278
|
|upkeep
|turn|8
|
|t:|1776978894
|move|p2a: Mabosstiff|Crunch|p1a: Porygon2
|-damage|p1a: Porygon2|0 fnt
|faint|p1a: Porygon2
|
|upkeep
|
|t:|1776978913
|switch|p1a: Sudowoodo|Sudowoodo, L94, F|284/284
|-activate|p1a: Sudowoodo|move: Sticky Web
|-unboost|p1a: Sudowoodo|spe|1
|turn|9
|
|t:|1776978918
|move|p2a: Mabosstiff|Crunch|p1a: Sudowoodo
|-damage|p1a: Sudowoodo|167/284
|move|p1a: Sudowoodo|Head Smash|p2a: Mabosstiff
|-damage|p2a: Mabosstiff|0 fnt
|faint|p2a: Mabosstiff
|
|-heal|p1a: Sudowoodo|184/284|[from] item: Leftovers
|upkeep
|
|t:|1776978937
|switch|p2a: Chesnaught|Chesnaught, L84, M|285/285
|turn|10
|
|t:|1776978946
|move|p2a: Chesnaught|Wood Hammer|p1a: Sudowoodo
|-supereffective|p1a: Sudowoodo
|-damage|p1a: Sudowoodo|2/284
|-damage|p2a: Chesnaught|225/285|[from] Recoil
|move|p1a: Sudowoodo|Stealth Rock|p2a: Chesnaught
|-sidestart|p2: Jdjsjjdd|move: Stealth Rock
|
|-heal|p2a: Chesnaught|242/285|[from] item: Leftovers
|-heal|p1a: Sudowoodo|19/284|[from] item: Leftovers
|upkeep
|turn|11
|
|t:|1776978956
|switch|p1a: Delphox|Delphox, L84, M|263/263
|-activate|p1a: Delphox|move: Sticky Web
|-unboost|p1a: Delphox|spe|1
|move|p2a: Chesnaught|Knock Off|p1a: Delphox
|-supereffective|p1a: Delphox
|-damage|p1a: Delphox|97/263
|-enditem|p1a: Delphox|Choice Specs|[from] move: Knock Off|[of] p2a: Chesnaught
|
|-heal|p2a: Chesnaught|259/285|[from] item: Leftovers
|upkeep
|turn|12
|
|t:|1776978977
|move|p2a: Chesnaught|Knock Off|p1a: Delphox
|-supereffective|p1a: Delphox
|-damage|p1a: Delphox|0 fnt
|faint|p1a: Delphox
|
|-heal|p2a: Chesnaught|276/285|[from] item: Leftovers
|upkeep
|
|t:|1776978980
|switch|p1a: Scovillain|Scovillain, L91, M|266/266
|-activate|p1a: Scovillain|move: Sticky Web
|-unboost|p1a: Scovillain|spe|1
|turn|13
|
|t:|1776978991
|switch|p2a: Kingdra|Kingdra, L84, M|213/263
|-damage|p2a: Kingdra|181/263|[from] Stealth Rock
|move|p1a: Scovillain|Flamethrower|p2a: Kingdra
|-resisted|p2a: Kingdra
|-damage|p2a: Kingdra|138/263
|
|upkeep
|turn|14
|
|t:|1776979002
|switch|p1a: Sudowoodo|Sudowoodo, L94, F|19/284
|-activate|p1a: Sudowoodo|move: Sticky Web
|-unboost|p1a: Sudowoodo|spe|1
|move|p2a: Kingdra|Wave Crash|p1a: Sudowoodo
|-supereffective|p1a: Sudowoodo
|-crit|p1a: Sudowoodo
|-damage|p1a: Sudowoodo|0 fnt
|faint|p1a: Sudowoodo
|-damage|p2a: Kingdra|132/263|[from] Recoil
|
|upkeep
|
|t:|1776979004
|switch|p1a: Tyranitar|Tyranitar, L78, M|284/284
|-activate|p1a: Tyranitar|move: Sticky Web
|-unboost|p1a: Tyranitar|spe|1
|-weather|Sandstorm|[from] ability: Sand Stream|[of] p1a: Tyranitar
|turn|15
|
|t:|1776979018
|move|p2a: Kingdra|Wave Crash|p1a: Tyranitar
|-supereffective|p1a: Tyranitar
|-damage|p1a: Tyranitar|66/284
|-damage|p2a: Kingdra|60/263|[from] Recoil
|move|p1a: Tyranitar|Stone Edge|p2a: Kingdra
|-damage|p2a: Kingdra|0 fnt
|faint|p2a: Kingdra
|
|-weather|Sandstorm|[upkeep]
|-heal|p1a: Tyranitar|83/284|[from] item: Leftovers
|upkeep
|
|t:|1776979031
|switch|p2a: Iron Leaves|Iron Leaves, L80|248/275
|-damage|p2a: Iron Leaves|214/275|[from] Stealth Rock
|turn|16
|
|t:|1776979039
|-terastallize|p2a: Iron Leaves|Fighting
|move|p2a: Iron Leaves|Swords Dance|p2a: Iron Leaves
|-boost|p2a: Iron Leaves|atk|2
|move|p1a: Tyranitar|Knock Off|p2a: Iron Leaves
|-resisted|p2a: Iron Leaves
|-damage|p2a: Iron Leaves|153/275
|-enditem|p2a: Iron Leaves|Life Orb|[from] move: Knock Off|[of] p1a: Tyranitar
|
|-weather|Sandstorm|[upkeep]
|-damage|p2a: Iron Leaves|136/275|[from] Sandstorm
|-heal|p1a: Tyranitar|100/284|[from] item: Leftovers
|upkeep
|turn|17
|
|t:|1776979052
|move|p2a: Iron Leaves|Leaf Blade|p1a: Tyranitar
|-supereffective|p1a: Tyranitar
|-damage|p1a: Tyranitar|0 fnt
|faint|p1a: Tyranitar
|
|-weather|Sandstorm|[upkeep]
|-damage|p2a: Iron Leaves|119/275|[from] Sandstorm
|upkeep
|
|t:|1776979054
|switch|p1a: Scovillain|Scovillain, L91, M|266/266
|-activate|p1a: Scovillain|move: Sticky Web
|-unboost|p1a: Scovillain|spe|1
|turn|18
|
|t:|1776979063
|-terastallize|p1a: Scovillain|Fire
|move|p2a: Iron Leaves|Close Combat|p1a: Scovillain
|-damage|p1a: Scovillain|0 fnt
|-unboost|p2a: Iron Leaves|def|1
|-unboost|p2a: Iron Leaves|spd|1
|faint|p1a: Scovillain
|
|win|Jdjsjjdd
|raw|lummerr's rating: 1226 &rarr; <strong>1201</strong><br />(-25 for losing)
|raw|Jdjsjjdd's rating: 1229 &rarr; <strong>1254</strong><br />(+25 for winning)
