|j|☆Greenday2
|j|☆truefalse
|t:|1772751044
|gametype|singles
|player|p1|Greenday2|265|1669
|player|p2|truefalse|red|1623
|gen|9
|tier|[Gen 9] Random Battle
|rated|
|rule|Species Clause: Limit one of each Pokémon
|rule|HP Percentage Mod: HP is shown in percentages
|rule|Sleep Clause Mod: Limit one foe put to sleep
|rule|Illusion Level Mod: Illusion disguises the Pokémon's true level
|
|t:|1772751044
|teamsize|p1|6
|teamsize|p2|6
|start
|switch|p1a: Komala|Komala, L89, F|260/260
|switch|p2a: Wo-Chien|Wo-Chien, L83|277/277
|-ability|p1a: Komala|Comatose
|-ability|p2a: Wo-Chien|Tablets of Ruin
|turn|1
|inactive|Battle timer is ON: inactive players will automatically lose when time's up. (requested by truefalse)
|
|t:|1772751069
|move|p1a: Komala|Body Slam|p2a: Wo-Chien
|-damage|p2a: Wo-Chien|198/277
|-status|p2a: Wo-Chien|par
|move|p2a: Wo-Chien|Knock Off|p1a: Komala
|-damage|p1a: Komala|148/260
|-enditem|p1a: Komala|Assault Vest|[from] move: Knock Off|[of] p2a: Wo-Chien
|
|-heal|p2a: Wo-Chien|215/277 par|[from] item: Leftovers
|upkeep
|turn|2
|
|t:|1772751085
|switch|p1a: Vikavolt|Vikavolt, L83, M|263/263
|cant|p2a: Wo-Chien|par
|
|-heal|p2a: Wo-Chien|232/277 par|[from] item: Leftovers
|upkeep
|turn|3
|
|t:|1772751099
|switch|p2a: Garganacl|Garganacl, L80, M|291/291
|move|p1a: Vikavolt|Sticky Web|p2a: Garganacl
|-sidestart|p2: truefalse|move: Sticky Web
|
|upkeep
|turn|4
|
|t:|1772751114
|move|p1a: Vikavolt|Volt Switch|p2a: Garganacl
|-damage|p2a: Garganacl|192/291
|inactive|Greenday2 has 120 seconds left.
|
|t:|1772751150
|switch|p1a: Garganacl|Garganacl, L80, M|291/291|[from] Volt Switch
|move|p2a: Garganacl|Salt Cure|p1a: Garganacl
|-damage|p1a: Garganacl|258/291
|-start|p1a: Garganacl|Salt Cure
|
|-heal|p1a: Garganacl|276/291|[from] item: Leftovers
|-heal|p2a: Garganacl|210/291|[from] item: Leftovers
|-damage|p1a: Garganacl|240/291|[from] Salt Cure
|upkeep
|turn|5
|
|t:|1772751161
|move|p1a: Garganacl|Iron Defense|p1a: Garganacl
|-boost|p1a: Garganacl|def|2
|move|p2a: Garganacl|Stealth Rock|p1a: Garganacl
|-sidestart|p1: Greenday2|move: Stealth Rock
|
|-heal|p2a: Garganacl|228/291|[from] item: Leftovers
|-heal|p1a: Garganacl|258/291|[from] item: Leftovers
|-damage|p1a: Garganacl|222/291|[from] Salt Cure
|upkeep
|turn|6
|
|t:|1772751173
|switch|p2a: Wo-Chien|Wo-Chien, L83|232/277 par
|-activate|p2a: Wo-Chien|move: Sticky Web
|-unboost|p2a: Wo-Chien|spe|1
|-ability|p2a: Wo-Chien|Tablets of Ruin
|move|p1a: Garganacl|Salt Cure|p2a: Wo-Chien
|-damage|p2a: Wo-Chien|202/277 par
|-start|p2a: Wo-Chien|Salt Cure
|
|-heal|p1a: Garganacl|240/291|[from] item: Leftovers
|-heal|p2a: Wo-Chien|219/277 par|[from] item: Leftovers
|-damage|p1a: Garganacl|204/291|[from] Salt Cure
|-damage|p2a: Wo-Chien|185/277 par|[from] Salt Cure
|upkeep
|turn|7
|inactive|Greenday2 has 90 seconds left.
|
|t:|1772751200
|switch|p1a: Vikavolt|Vikavolt, L83, M|263/263
|move|p2a: Wo-Chien|Leech Seed|p1a: Vikavolt
|-start|p1a: Vikavolt|move: Leech Seed
|
|-heal|p2a: Wo-Chien|202/277 par|[from] item: Leftovers
|-damage|p1a: Vikavolt|231/263|[from] Leech Seed|[of] p2a: Wo-Chien
|-heal|p2a: Wo-Chien|234/277 par|[silent]
|-damage|p2a: Wo-Chien|200/277 par|[from] Salt Cure
|upkeep
|turn|8
|inactive|Greenday2 has 90 seconds left.
|
|t:|1772751213
|move|p2a: Wo-Chien|Protect|p2a: Wo-Chien
|-singleturn|p2a: Wo-Chien|Protect
|move|p1a: Vikavolt|Bug Buzz|p2a: Wo-Chien
|-activate|p2a: Wo-Chien|move: Protect
|
|-heal|p2a: Wo-Chien|217/277 par|[from] item: Leftovers
|-damage|p1a: Vikavolt|199/263|[from] Leech Seed|[of] p2a: Wo-Chien
|-heal|p2a: Wo-Chien|249/277 par|[silent]
|-damage|p2a: Wo-Chien|215/277 par|[from] Salt Cure
|upkeep
|turn|9
|inactive|Greenday2 has 90 seconds left.
|
|t:|1772751223
|switch|p2a: Garganacl|Garganacl, L80, M|228/291
|-activate|p2a: Garganacl|move: Sticky Web
|-unboost|p2a: Garganacl|spe|1
|move|p1a: Vikavolt|Volt Switch|p2a: Garganacl
|-damage|p2a: Garganacl|122/291
|inactive|Greenday2 has 90 seconds left.
|inactive|Greenday2 has 60 seconds left.
|
|t:|1772751260
|switch|p1a: Sinistcha|Sinistcha-Masterpiece, L83|254/254|[from] Volt Switch
|-damage|p1a: Sinistcha|223/254|[from] Stealth Rock
|
|-heal|p1a: Sinistcha|238/254|[from] item: Leftovers
|-heal|p2a: Garganacl|140/291|[from] item: Leftovers
|upkeep
|turn|10
|
|t:|1772751269
|move|p1a: Sinistcha|Matcha Gotcha|p2a: Garganacl
|-supereffective|p2a: Garganacl
|-damage|p2a: Garganacl|0 fnt
|-heal|p1a: Sinistcha|254/254|[from] drain|[of] p2a: Garganacl
|faint|p2a: Garganacl
|
|upkeep
|
|t:|1772751275
|switch|p2a: Zapdos|Zapdos, L78|268/268
|turn|11
|
|t:|1772751293
|switch|p1a: Goodra|Goodra, L85, M|292/292
|-damage|p1a: Goodra|256/292|[from] Stealth Rock
|move|p2a: Zapdos|Hurricane|p1a: Goodra
|-damage|p1a: Goodra|199/292
|
|upkeep
|turn|12
|
|t:|1772751301
|switch|p2a: Dachsbun|Dachsbun, L92, F|254/254
|-activate|p2a: Dachsbun|move: Sticky Web
|-unboost|p2a: Dachsbun|spe|1
|move|p1a: Goodra|Sludge Bomb|p2a: Dachsbun
|-supereffective|p2a: Dachsbun
|-damage|p2a: Dachsbun|116/254
|
|-heal|p2a: Dachsbun|131/254|[from] item: Leftovers
|upkeep
|turn|13
|
|t:|1772751311
|move|p1a: Goodra|Sludge Bomb|p2a: Dachsbun
|-supereffective|p2a: Dachsbun
|-damage|p2a: Dachsbun|0 fnt
|faint|p2a: Dachsbun
|
|upkeep
|
|t:|1772751324
|switch|p2a: Walking Wake|Walking Wake, L79|286/286
|-activate|p2a: Walking Wake|move: Sticky Web
|-unboost|p2a: Walking Wake|spe|1
|turn|14
|
|t:|1772751332
|-terastallize|p2a: Walking Wake|Fire
|move|p1a: Goodra|Draco Meteor|p2a: Walking Wake
|-damage|p2a: Walking Wake|109/286
|-unboost|p1a: Goodra|spa|2
|move|p2a: Walking Wake|Sunny Day|p2a: Walking Wake
|-weather|SunnyDay
|-activate|p2a: Walking Wake|ability: Protosynthesis
|-start|p2a: Walking Wake|protosynthesisspa
|
|-weather|SunnyDay|[upkeep]
|upkeep
|turn|15
|inactive|Greenday2 has 90 seconds left.
|
|t:|1772751344
|move|p1a: Goodra|Earthquake|p2a: Walking Wake
|-supereffective|p2a: Walking Wake
|-damage|p2a: Walking Wake|0 fnt
|faint|p2a: Walking Wake
|-end|p2a: Walking Wake|Protosynthesis|[silent]
|
|-weather|SunnyDay|[upkeep]
|upkeep
|
|t:|1772751347
|switch|p2a: Rillaboom|Rillaboom, L79, M|288/288
|-activate|p2a: Rillaboom|move: Sticky Web
|-unboost|p2a: Rillaboom|spe|1
|-fieldstart|move: Grassy Terrain|[from] ability: Grassy Surge|[of] p2a: Rillaboom
|turn|16
|inactive|Greenday2 has 90 seconds left.
|
|t:|1772751369
|switch|p1a: Vikavolt|Vikavolt, L83, M|199/263
|move|p2a: Rillaboom|High Horsepower|p1a: Vikavolt
|-immune|p1a: Vikavolt|[from] ability: Levitate
|
|-weather|SunnyDay|[upkeep]
|upkeep
|turn|17
|
|t:|1772751392
|move|p2a: Rillaboom|High Horsepower|p1a: Vikavolt
|-immune|p1a: Vikavolt|[from] ability: Levitate
|move|p1a: Vikavolt|Volt Switch|p2a: Rillaboom
|-resisted|p2a: Rillaboom
|-damage|p2a: Rillaboom|222/288
|
|t:|1772751402
|switch|p1a: Eelektross|Eelektross, L87, F|290/290|[from] Volt Switch
|-damage|p1a: Eelektross|254/290|[from] Stealth Rock
|
|-weather|SunnyDay|[upkeep]
|-heal|p1a: Eelektross|272/290|[from] item: Leftovers
|-heal|p2a: Rillaboom|240/288|[from] Grassy Terrain
|upkeep
|turn|18
|
|t:|1772751411
|move|p1a: Eelektross|Coil|p1a: Eelektross
|-boost|p1a: Eelektross|atk|1
|-boost|p1a: Eelektross|def|1
|-boost|p1a: Eelektross|accuracy|1
|move|p2a: Rillaboom|High Horsepower|p1a: Eelektross
|-immune|p1a: Eelektross|[from] ability: Levitate
|
|-weather|none
|-heal|p1a: Eelektross|290/290|[from] item: Leftovers
|-heal|p2a: Rillaboom|258/288|[from] Grassy Terrain
|upkeep
|turn|19
|c|☆truefalse|Geez horrible matchup haha
|
|t:|1772751434
|switch|p2a: Wo-Chien|Wo-Chien, L83|215/277 par
|-activate|p2a: Wo-Chien|move: Sticky Web
|-unboost|p2a: Wo-Chien|spe|1
|-ability|p2a: Wo-Chien|Tablets of Ruin
|move|p1a: Eelektross|Coil|p1a: Eelektross
|-boost|p1a: Eelektross|atk|1
|-boost|p1a: Eelektross|def|1
|-boost|p1a: Eelektross|accuracy|1
|
|-heal|p2a: Wo-Chien|232/277 par|[from] Grassy Terrain
|-heal|p2a: Wo-Chien|249/277 par|[from] item: Leftovers
|upkeep
|turn|20
|
|t:|1772751452
|move|p1a: Eelektross|Fire Punch|p2a: Wo-Chien
|-supereffective|p2a: Wo-Chien
|-damage|p2a: Wo-Chien|67/277 par
|move|p2a: Wo-Chien|Ruination|p1a: Eelektross
|-damage|p1a: Eelektross|145/290
|
|-heal|p1a: Eelektross|163/290|[from] item: Leftovers
|-heal|p2a: Wo-Chien|84/277 par|[from] Grassy Terrain
|-heal|p2a: Wo-Chien|101/277 par|[from] item: Leftovers
|-fieldend|move: Grassy Terrain
|upkeep
|turn|21
|
|t:|1772751463
|move|p1a: Eelektross|Drain Punch|p2a: Wo-Chien
|-supereffective|p2a: Wo-Chien
|-damage|p2a: Wo-Chien|0 fnt
|-heal|p1a: Eelektross|214/290|[from] drain|[of] p2a: Wo-Chien
|faint|p2a: Wo-Chien
|
|-heal|p1a: Eelektross|232/290|[from] item: Leftovers
|upkeep
|
|t:|1772751468
|switch|p2a: Rillaboom|Rillaboom, L79, M|258/288
|-activate|p2a: Rillaboom|move: Sticky Web
|-unboost|p2a: Rillaboom|spe|1
|-fieldstart|move: Grassy Terrain|[from] ability: Grassy Surge|[of] p2a: Rillaboom
|turn|22
|
|t:|1772751477
|move|p1a: Eelektross|Fire Punch|p2a: Rillaboom
|-supereffective|p2a: Rillaboom
|-damage|p2a: Rillaboom|0 fnt
|faint|p2a: Rillaboom
|
|-heal|p1a: Eelektross|250/290|[from] item: Leftovers
|upkeep
|
|t:|1772751484
|switch|p2a: Zapdos|Zapdos, L78|268/268
|turn|23
|
|t:|1772751492
|move|p2a: Zapdos|Thunderbolt|p1a: Eelektross
|-resisted|p1a: Eelektross
|-damage|p1a: Eelektross|199/290
|move|p1a: Eelektross|Supercell Slam|p2a: Zapdos
|-damage|p2a: Zapdos|0 fnt
|faint|p2a: Zapdos
|
|win|Greenday2
|raw|Greenday2's rating: 1669 &rarr; <strong>1686</strong><br />(+17 for winning)
|raw|truefalse's rating: 1623 &rarr; <strong>1606</strong><br />(-17 for losing)
|l|☆truefalse
|player|p2|
