|j|☆mrsniffyman
|j|☆Sharonmobley
|t:|1772744712
|gametype|singles
|player|p1|mrsniffyman|hiker-gen4|1304
|player|p2|Sharonmobley|marlon|1332
|gen|9
|tier|[Gen 9] Random Battle
|rated|
|rule|Species Clause: Limit one of each Pokémon
|rule|HP Percentage Mod: HP is shown in percentages
|rule|Sleep Clause Mod: Limit one foe put to sleep
|rule|Illusion Level Mod: Illusion disguises the Pokémon's true level
|
|t:|1772744712
|teamsize|p1|6
|teamsize|p2|6
|start
|switch|p1a: Swanna|Swanna, L89, M|278/278
|switch|p2a: Slaking|Slaking, L84, F|389/389
|turn|1
|inactive|Battle timer is ON: inactive players will automatically lose when time's up. (requested by mrsniffyman)
|
|t:|1772744726
|move|p1a: Swanna|Brave Bird|p2a: Slaking
|-damage|p2a: Slaking|272/389
|-damage|p1a: Swanna|239/278|[from] Recoil
|move|p2a: Slaking|Giga Impact|p1a: Swanna
|-damage|p1a: Swanna|0 fnt
|-mustrecharge|p2a: Slaking
|faint|p1a: Swanna
|
|upkeep
|
|t:|1772744745
|switch|p1a: Latias|Latias, L79, F|256/256
|turn|2
|
|t:|1772744752
|move|p1a: Latias|Calm Mind|p1a: Latias
|-boost|p1a: Latias|spa|1
|-boost|p1a: Latias|spd|1
|cant|p2a: Slaking|recharge
|
|upkeep
|turn|3
|
|t:|1772744769
|switch|p2a: Brute Bonnet|Brute Bonnet, L81|312/312
|move|p1a: Latias|Draco Meteor|p2a: Brute Bonnet
|-damage|p2a: Brute Bonnet|90/312
|-unboost|p1a: Latias|spa|2
|
|-heal|p2a: Brute Bonnet|109/312|[from] item: Leftovers
|upkeep
|turn|4
|
|t:|1772744784
|move|p2a: Brute Bonnet|Sucker Punch||[still]
|-fail|p2a: Brute Bonnet
|move|p1a: Latias|Calm Mind|p1a: Latias
|-boost|p1a: Latias|spa|1
|-boost|p1a: Latias|spd|1
|
|-heal|p2a: Brute Bonnet|128/312|[from] item: Leftovers
|upkeep
|turn|5
|
|t:|1772744791
|move|p2a: Brute Bonnet|Sucker Punch||[still]
|-fail|p2a: Brute Bonnet
|move|p1a: Latias|Calm Mind|p1a: Latias
|-boost|p1a: Latias|spa|1
|-boost|p1a: Latias|spd|1
|
|-heal|p2a: Brute Bonnet|147/312|[from] item: Leftovers
|upkeep
|turn|6
|
|t:|1772744808
|move|p2a: Brute Bonnet|Sucker Punch|p1a: Latias
|-supereffective|p1a: Latias
|-crit|p1a: Latias
|-damage|p1a: Latias|0 fnt
|faint|p1a: Latias
|
|-heal|p2a: Brute Bonnet|166/312|[from] item: Leftovers
|upkeep
|
|t:|1772744816
|switch|p1a: Shaymin|Shaymin, L82|298/298
|turn|7
|
|t:|1772744835
|-end|p2a: Brute Bonnet|Protosynthesis|[silent]
|switch|p2a: Typhlosion|Typhlosion, L84, F|267/267
|move|p1a: Shaymin|Air Slash|p2a: Typhlosion
|-damage|p2a: Typhlosion|218/267
|
|upkeep
|turn|8
|
|t:|1772744854
|move|p2a: Typhlosion|Eruption|p1a: Shaymin
|-supereffective|p1a: Shaymin
|-damage|p1a: Shaymin|20/298
|move|p1a: Shaymin|Air Slash|p2a: Typhlosion
|-damage|p2a: Typhlosion|163/267
|
|-heal|p1a: Shaymin|38/298|[from] item: Leftovers
|upkeep
|turn|9
|
|t:|1772744861
|move|p2a: Typhlosion|Eruption|p1a: Shaymin
|-supereffective|p1a: Shaymin
|-damage|p1a: Shaymin|0 fnt
|faint|p1a: Shaymin
|
|upkeep
|
|t:|1772744866
|switch|p1a: Pachirisu|Pachirisu, L96, F|271/271
|turn|10
|
|t:|1772744879
|move|p2a: Typhlosion|Eruption|p1a: Pachirisu
|-damage|p1a: Pachirisu|205/271
|move|p1a: Pachirisu|Nuzzle|p2a: Typhlosion
|-damage|p2a: Typhlosion|145/267
|-status|p2a: Typhlosion|par
|
|upkeep
|turn|11
|
|t:|1772744892
|switch|p2a: Brute Bonnet|Brute Bonnet, L81|166/312
|move|p1a: Pachirisu|Thunderbolt|p2a: Brute Bonnet
|-resisted|p2a: Brute Bonnet
|-damage|p2a: Brute Bonnet|133/312
|-status|p2a: Brute Bonnet|par
|
|-heal|p2a: Brute Bonnet|152/312 par|[from] item: Leftovers
|upkeep
|turn|12
|
|t:|1772744909
|switch|p1a: Braviary|Braviary-Hisui, L85, M|326/326
|move|p2a: Brute Bonnet|Spore|p1a: Braviary
|-status|p1a: Braviary|slp|[from] move: Spore
|
|-heal|p2a: Brute Bonnet|171/312 par|[from] item: Leftovers
|upkeep
|turn|13
|
|t:|1772744918
|cant|p1a: Braviary|slp
|cant|p2a: Brute Bonnet|par
|
|-heal|p2a: Brute Bonnet|190/312 par|[from] item: Leftovers
|upkeep
|turn|14
|
|t:|1772744939
|cant|p1a: Braviary|slp
|move|p2a: Brute Bonnet|Crunch|p1a: Braviary
|-supereffective|p1a: Braviary
|-damage|p1a: Braviary|80/326 slp
|
|-heal|p2a: Brute Bonnet|209/312 par|[from] item: Leftovers
|upkeep
|turn|15
|
|t:|1772744946
|move|p2a: Brute Bonnet|Sucker Punch|p1a: Braviary
|-supereffective|p1a: Braviary
|-damage|p1a: Braviary|0 fnt
|faint|p1a: Braviary
|
|-heal|p2a: Brute Bonnet|228/312 par|[from] item: Leftovers
|upkeep
|-message|mrsniffyman forfeited.
|
|win|Sharonmobley
|raw|mrsniffyman's rating: 1304 &rarr; <strong>1286</strong><br />(-18 for losing)
|raw|Sharonmobley's rating: 1332 &rarr; <strong>1350</strong><br />(+18 for winning)
|l|☆mrsniffyman
|player|p1|
