|j|☆luisultimaosha2
|j|☆stregh
|t:|1776978645
|gametype|singles
|player|p1|luisultimaosha2|102|1644
|player|p2|stregh|palmer|1672
|gen|9
|tier|[Gen 9] Random Battle
|rated|
|rule|Species Clause: Limit one of each Pokémon
|rule|HP Percentage Mod: HP is shown in percentages
|rule|Sleep Clause Mod: Limit one foe put to sleep
|rule|Illusion Level Mod: Illusion disguises the Pokémon's true level
|
|t:|1776978645
|teamsize|p1|6
|teamsize|p2|6
|start
|switch|p1a: Walking Wake|Walking Wake, L79|286/286
|switch|p2a: Lilligant|Lilligant-Hisui, L79, F|240/240
|turn|1
|inactive|Battle timer is ON: inactive players will automatically lose when time's up. (requested by stregh)
|
|t:|1776978677
|switch|p2a: Vileplume|Vileplume, L85, F|266/266
|move|p1a: Walking Wake|Flamethrower|p2a: Vileplume
|-supereffective|p2a: Vileplume
|-crit|p2a: Vileplume
|-damage|p2a: Vileplume|0 fnt
|faint|p2a: Vileplume
|
|upkeep
|
|t:|1776978682
|switch|p2a: Phione|Phione, L91|293/293
|turn|2
|
|t:|1776978690
|-end|p1a: Walking Wake|Protosynthesis|[silent]
|switch|p1a: Abomasnow|Abomasnow, L84, F|287/287
|-weather|Snowscape|[from] ability: Snow Warning|[of] p1a: Abomasnow
|move|p2a: Phione|Take Heart|p2a: Phione
|-boost|p2a: Phione|spa|1
|-boost|p2a: Phione|spd|1
|
|-weather|Snowscape|[upkeep]
|upkeep
|turn|3
|
|t:|1776978699
|move|p2a: Phione|Ice Beam|p1a: Abomasnow
|-damage|p1a: Abomasnow|186/287
|move|p1a: Abomasnow|Wood Hammer|p2a: Phione
|-supereffective|p2a: Phione
|-damage|p2a: Phione|63/293
|-damage|p1a: Abomasnow|110/287|[from] Recoil
|
|-weather|Snowscape|[upkeep]
|-heal|p2a: Phione|81/293|[from] item: Leftovers
|upkeep
|turn|4
|
|t:|1776978707
|move|p2a: Phione|Ice Beam|p1a: Abomasnow
|-damage|p1a: Abomasnow|5/287
|move|p1a: Abomasnow|Aurora Veil|p1a: Abomasnow
|-sidestart|p1: luisultimaosha2|move: Aurora Veil
|
|-weather|Snowscape|[upkeep]
|-heal|p2a: Phione|99/293|[from] item: Leftovers
|upkeep
|turn|5
|
|t:|1776978710
|move|p2a: Phione|Ice Beam|p1a: Abomasnow
|-damage|p1a: Abomasnow|0 fnt
|faint|p1a: Abomasnow
|
|-weather|Snowscape|[upkeep]
|-heal|p2a: Phione|117/293|[from] item: Leftovers
|upkeep
|
|t:|1776978720
|switch|p1a: Dugtrio|Dugtrio, L84, M|196/196
|turn|6
|
|t:|1776978723
|move|p1a: Dugtrio|Earthquake|p2a: Phione
|-damage|p2a: Phione|0 fnt
|faint|p2a: Phione
|-damage|p1a: Dugtrio|177/196|[from] item: Life Orb
|
|-weather|none
|upkeep
|
|t:|1776978729
|switch|p2a: Lilligant|Lilligant-Hisui, L79, F|240/240
|turn|7
|
|t:|1776978740
|switch|p1a: Passimian|Passimian, L83, F|302/302
|move|p2a: Lilligant|Victory Dance|p2a: Lilligant
|-boost|p2a: Lilligant|atk|1
|-boost|p2a: Lilligant|def|1
|-boost|p2a: Lilligant|spe|1
|
|upkeep
|turn|8
|
|t:|1776978756
|move|p2a: Lilligant|Victory Dance|p2a: Lilligant
|-boost|p2a: Lilligant|atk|1
|-boost|p2a: Lilligant|def|1
|-boost|p2a: Lilligant|spe|1
|move|p1a: Passimian|Gunk Shot|p2a: Lilligant
|-supereffective|p2a: Lilligant
|-damage|p2a: Lilligant|114/240
|-status|p2a: Lilligant|psn
|
|-damage|p2a: Lilligant|84/240 psn|[from] psn
|upkeep
|turn|9
|
|t:|1776978768
|move|p2a: Lilligant|Close Combat|p1a: Passimian
|-damage|p1a: Passimian|110/302
|-unboost|p2a: Lilligant|def|1
|-unboost|p2a: Lilligant|spd|1
|move|p1a: Passimian|Drain Punch|p2a: Lilligant
|-damage|p2a: Lilligant|17/240 psn
|-heal|p1a: Passimian|144/302|[from] drain|[of] p2a: Lilligant
|
|-heal|p1a: Passimian|162/302|[from] item: Leftovers
|-damage|p2a: Lilligant|0 fnt|[from] psn
|faint|p2a: Lilligant
|upkeep
|
|t:|1776978781
|switch|p2a: Toxtricity|Toxtricity, L82, M|257/257
|turn|10
|
|t:|1776978793
|move|p1a: Passimian|Knock Off|p2a: Toxtricity
|-damage|p2a: Toxtricity|160/257
|-enditem|p2a: Toxtricity|Choice Specs|[from] move: Knock Off|[of] p1a: Passimian
|move|p2a: Toxtricity|Sludge Wave|p1a: Passimian
|-damage|p1a: Passimian|88/302
|
|-heal|p1a: Passimian|106/302|[from] item: Leftovers
|upkeep
|turn|11
|
|t:|1776978801
|switch|p1a: Dugtrio|Dugtrio, L84, M|177/196
|move|p2a: Toxtricity|Sludge Wave|p1a: Dugtrio
|-resisted|p1a: Dugtrio
|-damage|p1a: Dugtrio|144/196
|-status|p1a: Dugtrio|psn
|
|-damage|p1a: Dugtrio|120/196 psn|[from] psn
|-sideend|p1: luisultimaosha2|move: Aurora Veil
|upkeep
|turn|12
|
|t:|1776978810
|-terastallize|p2a: Toxtricity|Normal
|move|p1a: Dugtrio|Earthquake|p2a: Toxtricity
|-damage|p2a: Toxtricity|0 fnt
|faint|p2a: Toxtricity
|-damage|p1a: Dugtrio|101/196 psn|[from] item: Life Orb
|
|-damage|p1a: Dugtrio|77/196 psn|[from] psn
|upkeep
|
|t:|1776978816
|switch|p2a: Entei|Entei, L78|307/307
|turn|13
|
|t:|1776978818
|move|p2a: Entei|Extreme Speed|p1a: Dugtrio
|-damage|p1a: Dugtrio|0 fnt
|faint|p1a: Dugtrio
|
|upkeep
|
|t:|1776978822
|switch|p1a: Walking Wake|Walking Wake, L79|286/286
|turn|14
|
|t:|1776978828
|move|p2a: Entei|Extreme Speed|p1a: Walking Wake
|-damage|p1a: Walking Wake|204/286
|move|p1a: Walking Wake|Flip Turn|p2a: Entei
|-supereffective|p2a: Entei
|-damage|p2a: Entei|199/307
|
|t:|1776978835
|-end|p1a: Walking Wake|Protosynthesis|[silent]
|switch|p1a: Grafaiai|Grafaiai, L86, M|249/249|[from] Flip Turn
|
|upkeep
|turn|15
|
|t:|1776978840
|move|p2a: Entei|Extreme Speed|p1a: Grafaiai
|-damage|p1a: Grafaiai|145/249
|move|p1a: Grafaiai|Knock Off|p2a: Entei
|-damage|p2a: Entei|115/307
|-enditem|p2a: Entei|Choice Band|[from] move: Knock Off|[of] p1a: Grafaiai
|
|upkeep
|turn|16
|
|t:|1776978850
|move|p1a: Grafaiai|Encore|p2a: Entei
|-start|p2a: Entei|Encore
|move|p2a: Entei|Extreme Speed|p1a: Grafaiai
|-damage|p1a: Grafaiai|72/249
|
|upkeep
|turn|17
|
|t:|1776978856
|move|p2a: Entei|Extreme Speed|p1a: Grafaiai
|-damage|p1a: Grafaiai|0 fnt
|faint|p1a: Grafaiai
|
|upkeep
|
|t:|1776978861
|switch|p1a: Walking Wake|Walking Wake, L79|204/286
|turn|18
|
|t:|1776978867
|-terastallize|p1a: Walking Wake|Water
|move|p2a: Entei|Extreme Speed|p1a: Walking Wake
|-damage|p1a: Walking Wake|146/286
|move|p1a: Walking Wake|Flip Turn|p2a: Entei
|-supereffective|p2a: Entei
|-damage|p2a: Entei|0 fnt
|faint|p2a: Entei
|
|t:|1776978871
|-end|p1a: Walking Wake|Protosynthesis|[silent]
|switch|p1a: Passimian|Passimian, L83, F|106/302|[from] Flip Turn
|
|-heal|p1a: Passimian|124/302|[from] item: Leftovers
|upkeep
|
|t:|1776978873
|switch|p2a: Miraidon|Miraidon, L65|238/238
|-fieldstart|move: Electric Terrain|[from] ability: Hadron Engine|[of] p2a: Miraidon
|turn|19
|
|t:|1776978887
|move|p2a: Miraidon|Dragon Pulse|p1a: Passimian
|-damage|p1a: Passimian|0 fnt
|faint|p1a: Passimian
|-damage|p2a: Miraidon|215/238|[from] item: Life Orb
|
|upkeep
|
|t:|1776978890
|switch|p1a: Lilligant|Lilligant-Hisui, L79, F|240/240
|turn|20
|
|t:|1776978896
|move|p2a: Miraidon|Calm Mind|p2a: Miraidon
|-boost|p2a: Miraidon|spa|1
|-boost|p2a: Miraidon|spd|1
|move|p1a: Lilligant|Victory Dance|p1a: Lilligant
|-boost|p1a: Lilligant|atk|1
|-boost|p1a: Lilligant|def|1
|-boost|p1a: Lilligant|spe|1
|
|upkeep
|turn|21
|
|t:|1776978904
|move|p1a: Lilligant|Close Combat|p2a: Miraidon
|-damage|p2a: Miraidon|0 fnt
|-unboost|p1a: Lilligant|def|1
|-unboost|p1a: Lilligant|spd|1
|faint|p2a: Miraidon
|-damage|p1a: Lilligant|216/240|[from] item: Life Orb
|
|win|luisultimaosha2
|raw|luisultimaosha2's rating: 1644 &rarr; <strong>1666</strong><br />(+22 for winning)
|raw|stregh's rating: 1672 &rarr; <strong>1650</strong><br />(-22 for losing)
