|j|☆bmg jewrgvnk
|j|☆vicvipr
|t:|1772748913
|gametype|singles
|player|p1|bmg jewrgvnk|170|1026
|player|p2|vicvipr|burglar|1007
|gen|9
|tier|[Gen 9] Random Battle
|rated|
|rule|Species Clause: Limit one of each Pokémon
|rule|HP Percentage Mod: HP is shown in percentages
|rule|Sleep Clause Mod: Limit one foe put to sleep
|rule|Illusion Level Mod: Illusion disguises the Pokémon's true level
|
|t:|1772748913
|teamsize|p1|6
|teamsize|p2|6
|start
|switch|p1a: Squawkabilly|Squawkabilly-Yellow, L89, F|291/291
|switch|p2a: Umbreon|Umbreon, L84, M|297/297
|turn|1
|inactive|Battle timer is ON: inactive players will automatically lose when time's up. (requested by bmg jewrgvnk)
|j| crab in japanese
|
|t:|1772748942
|-terastallize|p2a: Umbreon|Poison
|move|p1a: Squawkabilly|Double-Edge|p2a: Umbreon|[miss]
|-miss|p1a: Squawkabilly|p2a: Umbreon
|move|p2a: Umbreon|Toxic|p1a: Squawkabilly
|-status|p1a: Squawkabilly|tox
|
|-damage|p1a: Squawkabilly|273/291 tox|[from] psn
|upkeep
|turn|2
|
|t:|1772748956
|move|p1a: Squawkabilly|Double-Edge|p2a: Umbreon|[miss]
|-miss|p1a: Squawkabilly|p2a: Umbreon
|move|p2a: Umbreon|Foul Play|p1a: Squawkabilly
|-damage|p1a: Squawkabilly|132/291 tox
|
|-damage|p1a: Squawkabilly|96/291 tox|[from] psn
|upkeep
|turn|3
|
|t:|1772748965
|move|p1a: Squawkabilly|Double-Edge|p2a: Umbreon|[miss]
|-miss|p1a: Squawkabilly|p2a: Umbreon
|move|p2a: Umbreon|Wish|p2a: Umbreon
|
|-damage|p1a: Squawkabilly|42/291 tox|[from] psn
|upkeep
|turn|4
|
|t:|1772748971
|move|p1a: Squawkabilly|Double-Edge|p2a: Umbreon
|-damage|p2a: Umbreon|12/297
|-damage|p1a: Squawkabilly|0 fnt|[from] Recoil
|faint|p1a: Squawkabilly
|move|p2a: Umbreon|Foul Play|p1: Squawkabilly|[notarget]
|-fail|p2a: Umbreon
|
|-heal|p2a: Umbreon|160/297|[from] move: Wish|[wisher] Umbreon
|-heal|p2a: Umbreon|178/297|[from] item: Leftovers
|upkeep
|
|t:|1772748982
|switch|p1a: Ariados|Ariados, L95, M|287/287
|turn|5
|
|t:|1772748987
|move|p2a: Umbreon|Toxic|p1a: Ariados
|-immune|p1a: Ariados
|move|p1a: Ariados|Sticky Web|p2a: Umbreon
|-sidestart|p2: vicvipr|move: Sticky Web
|
|-heal|p2a: Umbreon|196/297|[from] item: Leftovers
|upkeep
|turn|6
|
|t:|1772748993
|move|p2a: Umbreon|Foul Play|p1a: Ariados
|-damage|p1a: Ariados|184/287
|move|p1a: Ariados|Megahorn|p2a: Umbreon
|-resisted|p2a: Umbreon
|-crit|p2a: Umbreon
|-damage|p2a: Umbreon|92/297
|
|-heal|p2a: Umbreon|110/297|[from] item: Leftovers
|upkeep
|turn|7
|
|t:|1772749003
|move|p2a: Umbreon|Foul Play|p1a: Ariados
|-damage|p1a: Ariados|72/287
|move|p1a: Ariados|Poison Jab|p2a: Umbreon
|-resisted|p2a: Umbreon
|-damage|p2a: Umbreon|66/297
|
|-heal|p2a: Umbreon|84/297|[from] item: Leftovers
|upkeep
|turn|8
|
|t:|1772749012
|switch|p2a: Iron Leaves|Iron Leaves, L80|275/275
|-activate|p2a: Iron Leaves|move: Sticky Web
|-unboost|p2a: Iron Leaves|spe|1
|move|p1a: Ariados|Toxic Spikes|p2a: Iron Leaves
|-sidestart|p2: vicvipr|move: Toxic Spikes
|
|upkeep
|turn|9
|
|t:|1772749026
|move|p2a: Iron Leaves|Leaf Blade|p1a: Ariados
|-resisted|p1a: Ariados
|-damage|p1a: Ariados|32/287
|-damage|p2a: Iron Leaves|248/275|[from] item: Life Orb
|move|p1a: Ariados|Megahorn|p2a: Iron Leaves
|-supereffective|p2a: Iron Leaves
|-damage|p2a: Iron Leaves|0 fnt
|faint|p2a: Iron Leaves
|-end|p2a: Iron Leaves|Quark Drive|[silent]
|
|upkeep
|
|t:|1772749037
|switch|p2a: Umbreon|Umbreon, L84, M, tera:Poison|84/297
|-activate|p2a: Umbreon|move: Sticky Web
|-unboost|p2a: Umbreon|spe|1
|-sideend|p2: vicvipr|move: Toxic Spikes|[of] p2a: Umbreon
|turn|10
|
|t:|1772749043
|move|p1a: Ariados|Megahorn|p2a: Umbreon
|-resisted|p2a: Umbreon
|-damage|p2a: Umbreon|0 fnt
|faint|p2a: Umbreon
|
|upkeep
|
|t:|1772749049
|switch|p2a: Suicune|Suicune, L82|298/298
|-activate|p2a: Suicune|move: Sticky Web
|-unboost|p2a: Suicune|spe|1
|-ability|p2a: Suicune|Pressure
|turn|11
|
|t:|1772749056
|move|p1a: Ariados|Toxic Spikes|p2a: Suicune
|-sidestart|p2: vicvipr|move: Toxic Spikes
|move|p2a: Suicune|Scald|p1a: Ariados
|-damage|p1a: Ariados|0 fnt
|faint|p1a: Ariados
|
|upkeep
|
|t:|1772749063
|switch|p1a: Sunflora|Sunflora, F|312/312
|turn|12
|
|t:|1772749073
|move|p2a: Suicune|Calm Mind|p2a: Suicune
|-boost|p2a: Suicune|spa|1
|-boost|p2a: Suicune|spd|1
|move|p1a: Sunflora|Leaf Storm|p2a: Suicune|[miss]
|-miss|p1a: Sunflora|p2a: Suicune
|
|upkeep
|turn|13
|
|t:|1772749079
|move|p2a: Suicune|Scald|p1a: Sunflora
|-resisted|p1a: Sunflora
|-damage|p1a: Sunflora|265/312
|-status|p1a: Sunflora|brn
|move|p1a: Sunflora|Leaf Storm|p2a: Suicune
|-supereffective|p2a: Suicune
|-damage|p2a: Suicune|0 fnt
|-unboost|p1a: Sunflora|spa|2
|faint|p2a: Suicune
|
|-damage|p1a: Sunflora|246/312 brn|[from] brn
|upkeep
|
|t:|1772749091
|switch|p2a: Misdreavus|Misdreavus, L90, M|254/254
|turn|14
|
|t:|1772749105
|move|p2a: Misdreavus|Will-O-Wisp|p1a: Sunflora
|-fail|p1a: Sunflora|brn
|move|p1a: Sunflora|Leaf Storm|p2a: Misdreavus
|-damage|p2a: Misdreavus|145/254
|-unboost|p1a: Sunflora|spa|2
|
|-damage|p1a: Sunflora|227/312 brn|[from] brn
|upkeep
|turn|15
|
|t:|1772749114
|switch|p1a: Mabosstiff|Mabosstiff, L86, M|278/278
|move|p2a: Misdreavus|Draining Kiss|p1a: Mabosstiff
|-supereffective|p1a: Mabosstiff
|-damage|p1a: Mabosstiff|184/278
|-heal|p2a: Misdreavus|216/254|[from] drain|[of] p1a: Mabosstiff
|
|upkeep
|turn|16
|
|t:|1772749124
|move|p1a: Mabosstiff|Crunch|p2a: Misdreavus
|-supereffective|p2a: Misdreavus
|-crit|p2a: Misdreavus
|-damage|p2a: Misdreavus|0 fnt
|faint|p2a: Misdreavus
|
|upkeep
|
|t:|1772749128
|switch|p2a: Hoopa|Hoopa, L85|275/275
|-activate|p2a: Hoopa|move: Sticky Web
|-unboost|p2a: Hoopa|spe|1
|-status|p2a: Hoopa|psn
|turn|17
|
|t:|1772749137
|move|p1a: Mabosstiff|Crunch|p2a: Hoopa
|-supereffective|p2a: Hoopa
|-damage|p2a: Hoopa|0 fnt
|faint|p2a: Hoopa
|
|upkeep
|
|t:|1772749141
|switch|p2a: Quagsire|Quagsire, L84, M|297/297
|-activate|p2a: Quagsire|move: Sticky Web
|-unboost|p2a: Quagsire|spe|1
|-status|p2a: Quagsire|psn
|turn|18
|c| crab in japanese|saar
|
|t:|1772749148
|move|p1a: Mabosstiff|Crunch|p2a: Quagsire
|-damage|p2a: Quagsire|180/297 psn
|-unboost|p2a: Quagsire|def|1
|move|p2a: Quagsire|Earthquake|p1a: Mabosstiff
|-damage|p1a: Mabosstiff|85/278
|
|-heal|p2a: Quagsire|198/297 psn|[from] item: Leftovers
|-damage|p2a: Quagsire|161/297 psn|[from] psn
|upkeep
|turn|19
|c| crab in japanese|another bloody loss redeemed saar
|
|t:|1772749158
|switch|p1a: Swanna|Swanna, L89, M|278/278
|move|p2a: Quagsire|Ice Beam|p1a: Swanna
|-damage|p1a: Swanna|221/278
|
|-heal|p2a: Quagsire|179/297 psn|[from] item: Leftovers
|-damage|p2a: Quagsire|142/297 psn|[from] psn
|upkeep
|turn|20
|
|t:|1772749168
|move|p1a: Swanna|Brave Bird|p2a: Quagsire
|-damage|p2a: Quagsire|0 fnt
|faint|p2a: Quagsire
|-damage|p1a: Swanna|174/278|[from] Recoil
|
|win|bmg jewrgvnk
|raw|bmg jewrgvnk's rating: 1026 &rarr; <strong>1060</strong><br />(+34 for winning)
|raw|vicvipr's rating: 1007 &rarr; <strong>1000</strong><br />(-7 for losing)
|l|☆bmg jewrgvnk
|player|p1|
|l|☆vicvipr
|player|p2|
