|j|☆charles20072026
|j|☆KING WUSHA
|t:|1772749224
|gametype|singles
|player|p1|charles20072026|170|1125
|player|p2|KING WUSHA|buck|1136
|gen|9
|tier|[Gen 9] Random Battle
|rated|
|rule|Species Clause: Limit one of each Pokémon
|rule|HP Percentage Mod: HP is shown in percentages
|rule|Sleep Clause Mod: Limit one foe put to sleep
|rule|Illusion Level Mod: Illusion disguises the Pokémon's true level
|
|t:|1772749224
|teamsize|p1|6
|teamsize|p2|6
|start
|switch|p1a: Lucario|Lucario, L84, F|255/255
|switch|p2a: Pikachu|Pikachu-Alola, L93, M|216/216
|turn|1
|
|t:|1772749242
|move|p2a: Pikachu|Fake Out|p1a: Lucario
|-resisted|p1a: Lucario
|-damage|p1a: Lucario|227/255
|cant|p1a: Lucario|flinch
|
|upkeep
|turn|2
|
|t:|1772749263
|move|p2a: Pikachu|Volt Switch|p1a: Lucario
|-damage|p1a: Lucario|100/255
|
|t:|1772749271
|switch|p2a: Latias|Latias, L79, F|256/256|[from] Volt Switch
|move|p1a: Lucario|Meteor Mash|p2a: Latias
|-damage|p2a: Latias|84/256
|-boost|p1a: Lucario|atk|1
|
|upkeep
|turn|3
|inactive|Battle timer is ON: inactive players will automatically lose when time's up. (requested by KING WUSHA)
|
|t:|1772749282
|move|p2a: Latias|Psyshock|p1a: Lucario
|-damage|p1a: Lucario|0 fnt
|faint|p1a: Lucario
|
|upkeep
|
|t:|1772749295
|switch|p1a: Dachsbun|Dachsbun, L92, F|254/254
|turn|4
|
|t:|1772749300
|move|p1a: Dachsbun|Play Rough|p2a: Latias
|-supereffective|p2a: Latias
|-damage|p2a: Latias|0 fnt
|faint|p2a: Latias
|
|upkeep
|
|t:|1772749322
|switch|p2a: Ribombee|Ribombee, L83, F|235/235
|turn|5
|
|t:|1772749331
|move|p2a: Ribombee|Quiver Dance|p2a: Ribombee
|-boost|p2a: Ribombee|spa|1
|-boost|p2a: Ribombee|spd|1
|-boost|p2a: Ribombee|spe|1
|move|p1a: Dachsbun|Body Press|p2a: Ribombee
|-resisted|p2a: Ribombee
|-damage|p2a: Ribombee|212/235
|
|upkeep
|turn|6
|
|t:|1772749346
|switch|p1a: Braviary|Braviary-Hisui, L85, M|326/326
|move|p2a: Ribombee|Quiver Dance|p2a: Ribombee
|-boost|p2a: Ribombee|spa|1
|-boost|p2a: Ribombee|spd|1
|-boost|p2a: Ribombee|spe|1
|
|upkeep
|turn|7
|
|t:|1772749364
|move|p2a: Ribombee|Bug Buzz|p1a: Braviary
|-damage|p1a: Braviary|109/326
|move|p1a: Braviary|Hurricane|p2a: Ribombee
|-supereffective|p2a: Ribombee
|-damage|p2a: Ribombee|42/235
|
|upkeep
|turn|8
|
|t:|1772749371
|move|p2a: Ribombee|Bug Buzz|p1a: Braviary
|-damage|p1a: Braviary|0 fnt
|faint|p1a: Braviary
|
|upkeep
|
|t:|1772749382
|switch|p1a: Mamoswine|Mamoswine, L81, F|311/311
|turn|9
|
|t:|1772749402
|move|p1a: Mamoswine|Ice Shard|p2a: Ribombee
|-damage|p2a: Ribombee|0 fnt
|faint|p2a: Ribombee
|
|upkeep
|inactive|KING WUSHA has 120 seconds left.
|
|t:|1772749420
|switch|p2a: Pikachu|Pikachu-Alola, L93, M|216/216
|turn|10
|
|t:|1772749424
|move|p2a: Pikachu|Fake Out|p1a: Mamoswine
|-damage|p1a: Mamoswine|263/311
|cant|p1a: Mamoswine|flinch
|
|upkeep
|turn|11
|
|t:|1772749432
|-terastallize|p2a: Pikachu|Water
|move|p1a: Mamoswine|Ice Shard|p2a: Pikachu
|-resisted|p2a: Pikachu
|-damage|p2a: Pikachu|163/216
|move|p2a: Pikachu|Surf|p1a: Mamoswine
|-supereffective|p1a: Mamoswine
|-damage|p1a: Mamoswine|0 fnt
|faint|p1a: Mamoswine
|
|upkeep
|
|t:|1772749441
|switch|p1a: Victreebel|Victreebel, L90, F|290/290
|turn|12
|
|t:|1772749447
|move|p2a: Pikachu|Volt Switch|p1a: Victreebel
|-resisted|p1a: Victreebel
|-damage|p1a: Victreebel|223/290
|
|t:|1772749453
|switch|p2a: Drifblim|Drifblim, L86, M|398/398|[from] Volt Switch
|move|p1a: Victreebel|Sleep Powder|p2a: Drifblim|[miss]
|-miss|p1a: Victreebel|p2a: Drifblim
|
|upkeep
|turn|13
|
|t:|1772749463
|move|p1a: Victreebel|Sucker Punch|p2a: Drifblim
|-supereffective|p2a: Drifblim
|-damage|p2a: Drifblim|141/398
|-damage|p1a: Victreebel|194/290|[from] item: Life Orb
|move|p2a: Drifblim|Air Slash|p1a: Victreebel
|-supereffective|p1a: Victreebel
|-damage|p1a: Victreebel|30/290
|
|upkeep
|turn|14
|
|t:|1772749472
|move|p1a: Victreebel|Sucker Punch||[still]
|-fail|p1a: Victreebel
|move|p2a: Drifblim|Strength Sap|p1a: Victreebel
|-unboost|p1a: Victreebel|atk|1
|-heal|p2a: Drifblim|381/398
|
|upkeep
|turn|15
|-message|charles20072026 forfeited.
|
|win|KING WUSHA
|raw|charles20072026's rating: 1125 &rarr; <strong>1101</strong><br />(-24 for losing)
|raw|KING WUSHA's rating: 1136 &rarr; <strong>1160</strong><br />(+24 for winning)
|l|☆charles20072026
|player|p1|
