|j|‽wwuecec
|j|☆Hffjffhu
|t:|1776976226
|gametype|singles
|player|p1|wwuecec|266|1045
|player|p2|Hffjffhu|1|1000
|gen|9
|tier|[Gen 9] Random Battle
|rated|
|rule|Species Clause: Limit one of each Pokémon
|rule|HP Percentage Mod: HP is shown in percentages
|rule|Sleep Clause Mod: Limit one foe put to sleep
|rule|Illusion Level Mod: Illusion disguises the Pokémon's true level
|
|t:|1776976226
|teamsize|p1|6
|teamsize|p2|6
|start
|switch|p1a: Glastrier|Glastrier, L86|312/312
|switch|p2a: Alomomola|Alomomola, L87, M|429/429
|turn|1
|
|t:|1776976238
|switch|p1a: Ampharos|Ampharos, L88, M|302/302
|move|p2a: Alomomola|Flip Turn|p1a: Ampharos
|-damage|p1a: Ampharos|244/302
|inactive|Battle timer is ON: inactive players will automatically lose when time's up. (requested by wwuecec)
|
|t:|1776976264
|switch|p2a: Toxicroak|Toxicroak, L84, M|277/277|[from] Flip Turn
|
|upkeep
|turn|2
|
|t:|1776976276
|switch|p1a: Infernape|Infernape, L82, F|259/259
|move|p2a: Toxicroak|Swords Dance|p2a: Toxicroak
|-boost|p2a: Toxicroak|atk|2
|
|upkeep
|turn|3
|
|t:|1776976293
|move|p1a: Infernape|Overheat|p2a: Toxicroak
|-damage|p2a: Toxicroak|0 fnt
|-unboost|p1a: Infernape|spa|2
|faint|p2a: Toxicroak
|-damage|p1a: Infernape|234/259|[from] item: Life Orb
|
|upkeep
|
|t:|1776976301
|switch|p2a: Alomomola|Alomomola, L87, M|429/429
|turn|4
|
|t:|1776976308
|switch|p1a: Tauros|Tauros-Paldea-Aqua, L81, M|254/254
|-ability|p1a: Tauros|Intimidate|boost
|-unboost|p2a: Alomomola|atk|1
|move|p2a: Alomomola|Scald|p1a: Tauros
|-resisted|p1a: Tauros
|-damage|p1a: Tauros|222/254
|
|upkeep
|turn|5
|
|t:|1776976316
|switch|p1a: Ampharos|Ampharos, L88, M|244/302
|move|p2a: Alomomola|Flip Turn|p1a: Ampharos
|-damage|p1a: Ampharos|205/302
|
|t:|1776976327
|switch|p2a: Volcanion|Volcanion, L79|256/256|[from] Flip Turn
|
|upkeep
|turn|6
|
|t:|1776976341
|-terastallize|p2a: Volcanion|Ground
|move|p2a: Volcanion|Earth Power|p1a: Ampharos
|-supereffective|p1a: Ampharos
|-damage|p1a: Ampharos|19/302
|-unboost|p1a: Ampharos|spd|1
|move|p1a: Ampharos|Thunderbolt|p2a: Volcanion
|-immune|p2a: Volcanion
|
|upkeep
|turn|7
|
|t:|1776976356
|move|p2a: Volcanion|Flamethrower|p1a: Ampharos
|-damage|p1a: Ampharos|0 fnt
|faint|p1a: Ampharos
|
|upkeep
|
|t:|1776976368
|switch|p1a: Glastrier|Glastrier, L86|312/312
|turn|8
|
|t:|1776976375
|move|p2a: Volcanion|Flamethrower|p1a: Glastrier
|-supereffective|p1a: Glastrier
|-damage|p1a: Glastrier|148/312
|move|p1a: Glastrier|Icicle Crash|p2a: Volcanion
|-supereffective|p2a: Volcanion
|-damage|p2a: Volcanion|52/256
|
|upkeep
|turn|9
|
|t:|1776976382
|move|p2a: Volcanion|Flamethrower|p1a: Glastrier
|-supereffective|p1a: Glastrier
|-damage|p1a: Glastrier|0 fnt
|faint|p1a: Glastrier
|
|upkeep
|
|t:|1776976391
|switch|p1a: Infernape|Infernape, L82, F|234/259
|turn|10
|
|t:|1776976396
|move|p1a: Infernape|Knock Off|p2a: Volcanion
|-damage|p2a: Volcanion|0 fnt
|-enditem|p2a: Volcanion|Heavy-Duty Boots|[from] move: Knock Off|[of] p1a: Infernape
|faint|p2a: Volcanion
|-damage|p1a: Infernape|209/259|[from] item: Life Orb
|
|upkeep
|
|t:|1776976410
|switch|p2a: Alomomola|Alomomola, L87, M|429/429
|turn|11
|
|t:|1776976419
|move|p1a: Infernape|Knock Off|p2a: Alomomola
|-damage|p2a: Alomomola|328/429
|-enditem|p2a: Alomomola|Heavy-Duty Boots|[from] move: Knock Off|[of] p1a: Infernape
|-damage|p1a: Infernape|184/259|[from] item: Life Orb
|move|p2a: Alomomola|Scald|p1a: Infernape
|-supereffective|p1a: Infernape
|-damage|p1a: Infernape|70/259
|
|upkeep
|turn|12
|
|t:|1776976428
|move|p1a: Infernape|Close Combat|p2a: Alomomola
|-damage|p2a: Alomomola|151/429
|-unboost|p1a: Infernape|def|1
|-unboost|p1a: Infernape|spd|1
|-damage|p1a: Infernape|45/259|[from] item: Life Orb
|move|p2a: Alomomola|Scald|p1a: Infernape
|-supereffective|p1a: Infernape
|-damage|p1a: Infernape|0 fnt
|faint|p1a: Infernape
|
|upkeep
|
|t:|1776976431
|switch|p1a: Espathra|Espathra, L80, F|283/283
|turn|13
|
|t:|1776976442
|move|p1a: Espathra|Lumina Crash|p2a: Alomomola
|-damage|p2a: Alomomola|0 fnt
|faint|p2a: Alomomola
|
|-ability|p1a: Espathra|Speed Boost|boost
|-boost|p1a: Espathra|spe|1
|upkeep
|
|t:|1776976457
|switch|p2a: Brute Bonnet|Brute Bonnet, L80|309/309
|turn|14
|
|t:|1776976461
|switch|p1a: Tauros|Tauros-Paldea-Aqua, L81, M|222/254
|-ability|p1a: Tauros|Intimidate|boost
|-unboost|p2a: Brute Bonnet|atk|1
|move|p2a: Brute Bonnet|Spore|p1a: Tauros
|-status|p1a: Tauros|slp|[from] move: Spore
|
|upkeep
|turn|15
|
|t:|1776976476
|switch|p1a: Cloyster|Cloyster, L80, F|211/211
|-end|p2a: Brute Bonnet|Protosynthesis|[silent]
|switch|p2a: Toucannon|Toucannon, L88, M|284/284
|
|upkeep
|turn|16
|
|t:|1776976489
|-terastallize|p1a: Cloyster|Ice
|move|p1a: Cloyster|Icicle Spear|p2a: Toucannon
|-supereffective|p2a: Toucannon
|-damage|p2a: Toucannon|212/284
|-supereffective|p2a: Toucannon
|-damage|p2a: Toucannon|136/284
|-supereffective|p2a: Toucannon
|-damage|p2a: Toucannon|68/284
|-supereffective|p2a: Toucannon
|-damage|p2a: Toucannon|0 fnt
|faint|p2a: Toucannon
|-hitcount|p2: Toucannon|4
|
|upkeep
|
|t:|1776976503
|switch|p2a: Brute Bonnet|Brute Bonnet, L80|309/309
|turn|17
|
|t:|1776976507
|move|p1a: Cloyster|Shell Smash|p1a: Cloyster
|-unboost|p1a: Cloyster|def|1
|-unboost|p1a: Cloyster|spd|1
|-boost|p1a: Cloyster|atk|2
|-boost|p1a: Cloyster|spa|2
|-boost|p1a: Cloyster|spe|2
|-enditem|p1a: Cloyster|White Herb
|-clearnegativeboost|p1a: Cloyster|[silent]
|move|p2a: Brute Bonnet|Close Combat|p1a: Cloyster
|-supereffective|p1a: Cloyster
|-damage|p1a: Cloyster|95/211
|-unboost|p2a: Brute Bonnet|def|1
|-unboost|p2a: Brute Bonnet|spd|1
|
|upkeep
|turn|18
|
|t:|1776976522
|move|p1a: Cloyster|Icicle Spear|p2a: Brute Bonnet
|-supereffective|p2a: Brute Bonnet
|-damage|p2a: Brute Bonnet|117/309
|-supereffective|p2a: Brute Bonnet
|-damage|p2a: Brute Bonnet|0 fnt
|faint|p2a: Brute Bonnet
|-end|p2a: Brute Bonnet|Protosynthesis|[silent]
|-hitcount|p2: Brute Bonnet|2
|
|upkeep
|-message|Hffjffhu forfeited.
|
|win|wwuecec
|raw|wwuecec's rating: 1045 &rarr; <strong>1074</strong><br />(+29 for winning)
|raw|Hffjffhu's rating: 1000 &rarr; <strong>1000</strong><br />(+0 for losing)
|l|☆Hffjffhu
|player|p2|
