|j|☆kgnygkuyg
|j|☆Shay7061
|t:|1776969240
|gametype|singles
|player|p1|kgnygkuyg|lucas|1370
|player|p2|Shay7061|102|1317
|gen|9
|tier|[Gen 9] Random Battle
|rated|
|rule|Species Clause: Limit one of each Pokémon
|rule|HP Percentage Mod: HP is shown in percentages
|rule|Sleep Clause Mod: Limit one foe put to sleep
|rule|Illusion Level Mod: Illusion disguises the Pokémon's true level
|
|t:|1776969240
|teamsize|p1|6
|teamsize|p2|6
|start
|switch|p1a: Porygon2|Porygon2, L81|270/270
|switch|p2a: Dialga|Dialga, L73|266/266
|-ability|p2a: Dialga|Pressure
|-ability|p1a: Porygon2|Download|boost
|-boost|p1a: Porygon2|spa|1
|turn|1
|inactive|Battle timer is ON: inactive players will automatically lose when time's up. (requested by Shay7061)
|inactive|kgnygkuyg has 120 seconds left.
|
|t:|1776969279
|move|p2a: Dialga|Heavy Slam|p1a: Porygon2
|-damage|p1a: Porygon2|192/270
|move|p1a: Porygon2|Thunder Wave|p2a: Dialga|[miss]
|-miss|p1a: Porygon2|p2a: Dialga
|
|upkeep
|turn|2
|
|t:|1776969295
|move|p2a: Dialga|Draco Meteor|p1a: Porygon2|[miss]
|-miss|p2a: Dialga|p1a: Porygon2
|move|p1a: Porygon2|Recover|p1a: Porygon2
|-heal|p1a: Porygon2|270/270
|
|upkeep
|turn|3
|
|t:|1776969297
|move|p2a: Dialga|Draco Meteor|p1a: Porygon2
|-damage|p1a: Porygon2|176/270
|-unboost|p2a: Dialga|spa|2
|move|p1a: Porygon2|Thunder Wave|p2a: Dialga
|-status|p2a: Dialga|par
|
|upkeep
|turn|4
|
|t:|1776969309
|move|p1a: Porygon2|Recover|p1a: Porygon2
|-heal|p1a: Porygon2|270/270
|move|p2a: Dialga|Dragon Tail|p1a: Porygon2|[miss]
|-miss|p2a: Dialga|p1a: Porygon2
|
|upkeep
|turn|5
|
|t:|1776969314
|move|p1a: Porygon2|Shadow Ball|p2a: Dialga
|-damage|p2a: Dialga|208/266 par
|move|p2a: Dialga|Dragon Tail|p1a: Porygon2
|-damage|p1a: Porygon2|231/270
|drag|p1a: Basculegion|Basculegion-F, L83, F|335/335
|
|upkeep
|turn|6
|
|t:|1776969333
|switch|p2a: Empoleon|Empoleon, L84, M|278/278
|move|p1a: Basculegion|Shadow Ball|p2a: Empoleon
|-damage|p2a: Empoleon|126/278
|
|-heal|p2a: Empoleon|143/278|[from] item: Leftovers
|upkeep
|turn|7
|
|t:|1776969346
|move|p1a: Basculegion|Shadow Ball|p2a: Empoleon
|-damage|p2a: Empoleon|0 fnt
|faint|p2a: Empoleon
|
|upkeep
|
|t:|1776969352
|switch|p2a: Breloom|Breloom, L83, M|235/235
|turn|8
|
|t:|1776969365
|switch|p1a: Sawsbuck|Sawsbuck-Summer, L88, M|284/284
|move|p2a: Breloom|Bullet Seed|p1a: Sawsbuck
|-ability|p1a: Sawsbuck|Sap Sipper|boost
|-boost|p1a: Sawsbuck|atk|1
|
|upkeep
|turn|9
|
|t:|1776969375
|move|p1a: Sawsbuck|Double-Edge|p2a: Breloom
|-damage|p2a: Breloom|0 fnt
|faint|p2a: Breloom
|-damage|p1a: Sawsbuck|206/284|[from] Recoil
|-damage|p1a: Sawsbuck|178/284|[from] item: Life Orb
|
|upkeep
|
|t:|1776969398
|switch|p2a: Exeggutor|Exeggutor, L89, F|312/312
|turn|10
|
|t:|1776969407
|move|p1a: Sawsbuck|Double-Edge|p2a: Exeggutor
|-damage|p2a: Exeggutor|55/312
|-enditem|p2a: Exeggutor|Sitrus Berry|[eat]
|-heal|p2a: Exeggutor|133/312|[from] item: Sitrus Berry
|-damage|p1a: Sawsbuck|93/284|[from] Recoil
|-damage|p1a: Sawsbuck|65/284|[from] item: Life Orb
|move|p2a: Exeggutor|Psychic|p1a: Sawsbuck
|-damage|p1a: Sawsbuck|0 fnt
|faint|p1a: Sawsbuck
|
|-item|p2a: Exeggutor|Sitrus Berry|[from] ability: Harvest
|upkeep
|-enditem|p2a: Exeggutor|Sitrus Berry|[eat]
|-heal|p2a: Exeggutor|211/312|[from] item: Sitrus Berry
|
|t:|1776969421
|switch|p1a: Basculegion|Basculegion-F, L83, F|335/335
|turn|11
|
|t:|1776969434
|-terastallize|p2a: Exeggutor|Steel
|move|p1a: Basculegion|Shadow Ball|p2a: Exeggutor
|-damage|p2a: Exeggutor|43/312
|move|p2a: Exeggutor|Giga Drain|p1a: Basculegion
|-supereffective|p1a: Basculegion
|-crit|p1a: Basculegion
|-damage|p1a: Basculegion|0 fnt
|-heal|p2a: Exeggutor|211/312|[from] drain|[of] p1a: Basculegion
|faint|p1a: Basculegion
|
|-item|p2a: Exeggutor|Sitrus Berry|[from] ability: Harvest
|upkeep
|inactive|kgnygkuyg has 120 seconds left.
|
|t:|1776969491
|switch|p1a: Porygon2|Porygon2, L81|231/270
|-ability|p1a: Porygon2|Download|boost
|-boost|p1a: Porygon2|spa|1
|turn|12
|
|t:|1776969504
|-terastallize|p1a: Porygon2|Fighting
|move|p2a: Exeggutor|Substitute|p2a: Exeggutor
|-start|p2a: Exeggutor|Substitute
|-damage|p2a: Exeggutor|133/312
|-enditem|p2a: Exeggutor|Sitrus Berry|[eat]
|-heal|p2a: Exeggutor|211/312|[from] item: Sitrus Berry
|move|p1a: Porygon2|Tera Blast|p2a: Exeggutor|[anim] Tera Blast Fighting
|-supereffective|p2a: Exeggutor
|-crit|p2a: Exeggutor
|-end|p2a: Exeggutor|Substitute
|
|upkeep
|turn|13
|
|t:|1776969513
|move|p2a: Exeggutor|Calm Mind|p2a: Exeggutor
|-boost|p2a: Exeggutor|spa|1
|-boost|p2a: Exeggutor|spd|1
|move|p1a: Porygon2|Tera Blast|p2a: Exeggutor|[anim] Tera Blast Fighting
|-supereffective|p2a: Exeggutor
|-damage|p2a: Exeggutor|23/312
|
|upkeep
|turn|14
|
|t:|1776969523
|move|p2a: Exeggutor|Psychic|p1a: Porygon2
|-supereffective|p1a: Porygon2
|-damage|p1a: Porygon2|0 fnt
|faint|p1a: Porygon2
|
|upkeep
|
|t:|1776969539
|switch|p1a: Altaria|Altaria, L89, M|278/278
|turn|15
|
|t:|1776969543
|move|p1a: Altaria|Brave Bird|p2a: Exeggutor
|-resisted|p2a: Exeggutor
|-damage|p2a: Exeggutor|0 fnt
|faint|p2a: Exeggutor
|-damage|p1a: Altaria|270/278|[from] Recoil
|
|upkeep
|
|t:|1776969547
|switch|p2a: Dialga|Dialga, L73|208/266 par
|-ability|p2a: Dialga|Pressure
|turn|16
|inactive|kgnygkuyg has 120 seconds left.
|
|t:|1776969558
|switch|p1a: Scream Tail|Scream Tail, L84|330/330
|move|p2a: Dialga|Draco Meteor|p1a: Scream Tail
|-immune|p1a: Scream Tail
|
|upkeep
|turn|17
|inactive|kgnygkuyg has 120 seconds left.
|
|t:|1776969569
|move|p1a: Scream Tail|Protect|p1a: Scream Tail
|-singleturn|p1a: Scream Tail|Protect
|move|p2a: Dialga|Heavy Slam|p1a: Scream Tail
|-activate|p1a: Scream Tail|move: Protect
|
|upkeep
|turn|18
|inactive|kgnygkuyg has 120 seconds left.
|
|t:|1776969575
|move|p1a: Scream Tail|Encore|p2a: Dialga
|-start|p2a: Dialga|Encore
|move|p2a: Dialga|Heavy Slam|p1a: Scream Tail
|-supereffective|p1a: Scream Tail
|-damage|p1a: Scream Tail|118/330
|
|-heal|p1a: Scream Tail|138/330|[from] item: Leftovers
|upkeep
|turn|19
|inactive|kgnygkuyg has 120 seconds left.
|
|t:|1776969595
|move|p1a: Scream Tail|Protect|p1a: Scream Tail
|-singleturn|p1a: Scream Tail|Protect
|move|p2a: Dialga|Heavy Slam|p1a: Scream Tail
|-activate|p1a: Scream Tail|move: Protect
|
|-heal|p1a: Scream Tail|158/330|[from] item: Leftovers
|upkeep
|turn|20
|
|t:|1776969602
|-end|p1a: Scream Tail|Protosynthesis|[silent]
|switch|p1a: Altaria|Altaria, L89, M|270/278
|move|p2a: Dialga|Heavy Slam|p1a: Altaria
|-damage|p1a: Altaria|161/278
|
|-end|p2a: Dialga|Encore
|upkeep
|turn|21
|inactive|kgnygkuyg has 120 seconds left.
|
|t:|1776969620
|move|p1a: Altaria|Roost|p1a: Altaria
|-heal|p1a: Altaria|278/278
|-singleturn|p1a: Altaria|move: Roost
|move|p2a: Dialga|Heavy Slam|p1a: Altaria
|-damage|p1a: Altaria|166/278
|
|upkeep
|turn|22
|
|t:|1776969636
|move|p1a: Altaria|Roost|p1a: Altaria
|-heal|p1a: Altaria|278/278
|-singleturn|p1a: Altaria|move: Roost
|move|p2a: Dialga|Draco Meteor|p1a: Altaria
|-supereffective|p1a: Altaria
|-damage|p1a: Altaria|36/278
|-unboost|p2a: Dialga|spa|2
|
|upkeep
|turn|23
|
|t:|1776969649
|move|p1a: Altaria|Roost|p1a: Altaria
|-heal|p1a: Altaria|175/278
|-singleturn|p1a: Altaria|move: Roost
|move|p2a: Dialga|Dragon Tail|p1a: Altaria
|-supereffective|p1a: Altaria
|-damage|p1a: Altaria|71/278
|drag|p1a: Scream Tail|Scream Tail, L84|158/330
|
|-heal|p1a: Scream Tail|178/330|[from] item: Leftovers
|upkeep
|turn|24
|
|t:|1776969665
|switch|p2a: Entei|Entei, L78|307/307
|move|p1a: Scream Tail|Wish|p1a: Scream Tail
|
|-heal|p1a: Scream Tail|198/330|[from] item: Leftovers
|upkeep
|turn|25
|
|t:|1776969673
|move|p1a: Scream Tail|Protect|p1a: Scream Tail
|-singleturn|p1a: Scream Tail|Protect
|move|p2a: Entei|Flare Blitz|p1a: Scream Tail
|-activate|p1a: Scream Tail|move: Protect
|
|-heal|p1a: Scream Tail|330/330|[from] move: Wish|[wisher] Scream Tail
|upkeep
|turn|26
|inactive|kgnygkuyg has 90 seconds left.
|
|t:|1776969703
|move|p1a: Scream Tail|Wish|p1a: Scream Tail
|move|p2a: Entei|Flare Blitz|p1a: Scream Tail
|-crit|p1a: Scream Tail
|-damage|p1a: Scream Tail|78/330
|-damage|p2a: Entei|224/307|[from] Recoil
|
|-heal|p1a: Scream Tail|98/330|[from] item: Leftovers
|upkeep
|turn|27
|
|t:|1776969711
|switch|p2a: Frosmoth|Frosmoth, L82, F|249/249
|move|p1a: Scream Tail|Protect||[still]
|-fail|p1a: Scream Tail
|
|-heal|p1a: Scream Tail|263/330|[from] move: Wish|[wisher] Scream Tail
|-heal|p1a: Scream Tail|283/330|[from] item: Leftovers
|upkeep
|turn|28
|
|t:|1776969716
|move|p1a: Scream Tail|Wish|p1a: Scream Tail
|move|p2a: Frosmoth|Quiver Dance|p2a: Frosmoth
|-boost|p2a: Frosmoth|spa|1
|-boost|p2a: Frosmoth|spd|1
|-boost|p2a: Frosmoth|spe|1
|
|-heal|p1a: Scream Tail|303/330|[from] item: Leftovers
|upkeep
|turn|29
|
|t:|1776969724
|move|p1a: Scream Tail|Encore|p2a: Frosmoth
|-start|p2a: Frosmoth|Encore
|move|p2a: Frosmoth|Quiver Dance|p2a: Frosmoth
|-boost|p2a: Frosmoth|spa|1
|-boost|p2a: Frosmoth|spd|1
|-boost|p2a: Frosmoth|spe|1
|
|-heal|p1a: Scream Tail|330/330|[from] move: Wish|[wisher] Scream Tail
|upkeep
|turn|30
|inactive|kgnygkuyg has 120 seconds left.
|
|t:|1776969750
|-end|p1a: Scream Tail|Protosynthesis|[silent]
|switch|p1a: Altaria|Altaria, L89, M|71/278
|move|p2a: Frosmoth|Quiver Dance|p2a: Frosmoth
|-boost|p2a: Frosmoth|spa|1
|-boost|p2a: Frosmoth|spd|1
|-boost|p2a: Frosmoth|spe|1
|
|upkeep
|turn|31
|
|t:|1776969763
|switch|p2a: Dialga|Dialga, L73|208/266 par
|-ability|p2a: Dialga|Pressure
|move|p1a: Altaria|Haze|p1a: Altaria
|-clearallboost
|
|upkeep
|turn|32
|
|t:|1776969771
|move|p1a: Altaria|Roost|p1a: Altaria
|-heal|p1a: Altaria|210/278
|-singleturn|p1a: Altaria|move: Roost
|move|p2a: Dialga|Draco Meteor|p1a: Altaria
|-supereffective|p1a: Altaria
|-damage|p1a: Altaria|0 fnt
|-unboost|p2a: Dialga|spa|2
|faint|p1a: Altaria
|
|upkeep
|
|t:|1776969780
|switch|p1a: Scream Tail|Scream Tail, L84|330/330
|turn|33
|inactive|kgnygkuyg has 120 seconds left.
|
|t:|1776969787
|move|p1a: Scream Tail|Play Rough|p2a: Dialga
|-damage|p2a: Dialga|148/266 par
|cant|p2a: Dialga|par
|
|upkeep
|turn|34
|
|t:|1776969793
|move|p1a: Scream Tail|Play Rough|p2a: Dialga
|-damage|p2a: Dialga|81/266 par
|move|p2a: Dialga|Heavy Slam|p1a: Scream Tail
|-supereffective|p1a: Scream Tail
|-damage|p1a: Scream Tail|126/330
|
|-heal|p1a: Scream Tail|146/330|[from] item: Leftovers
|upkeep
|turn|35
|
|t:|1776969801
|move|p1a: Scream Tail|Encore|p2a: Dialga
|-start|p2a: Dialga|Encore
|cant|p2a: Dialga|par
|
|-heal|p1a: Scream Tail|166/330|[from] item: Leftovers
|upkeep
|turn|36
|
|t:|1776969804
|move|p1a: Scream Tail|Play Rough|p2a: Dialga
|-damage|p2a: Dialga|15/266 par
|cant|p2a: Dialga|par
|
|-heal|p1a: Scream Tail|186/330|[from] item: Leftovers
|upkeep
|turn|37
|
|t:|1776969815
|move|p1a: Scream Tail|Protect|p1a: Scream Tail
|-singleturn|p1a: Scream Tail|Protect
|cant|p2a: Dialga|par
|
|-heal|p1a: Scream Tail|206/330|[from] item: Leftovers
|-end|p2a: Dialga|Encore
|upkeep
|turn|38
|
|t:|1776969819
|move|p1a: Scream Tail|Wish|p1a: Scream Tail
|move|p2a: Dialga|Heavy Slam|p1a: Scream Tail
|-supereffective|p1a: Scream Tail
|-damage|p1a: Scream Tail|8/330
|
|-heal|p1a: Scream Tail|28/330|[from] item: Leftovers
|upkeep
|turn|39
|
|t:|1776969825
|move|p1a: Scream Tail|Encore|p2a: Dialga
|-start|p2a: Dialga|Encore
|move|p2a: Dialga|Heavy Slam|p1a: Scream Tail
|-supereffective|p1a: Scream Tail
|-damage|p1a: Scream Tail|0 fnt
|faint|p1a: Scream Tail
|-end|p1a: Scream Tail|Protosynthesis|[silent]
|
|upkeep
|
|t:|1776969827
|switch|p1a: Eiscue|Eiscue, L88, M|274/274
|turn|40
|
|t:|1776969830
|move|p1a: Eiscue|Belly Drum|p1a: Eiscue
|-damage|p1a: Eiscue|137/274
|-setboost|p1a: Eiscue|atk|6|[from] move: Belly Drum
|-enditem|p1a: Eiscue|Sitrus Berry|[eat]
|-heal|p1a: Eiscue|205/274|[from] item: Sitrus Berry
|move|p2a: Dialga|Heavy Slam|p1a: Eiscue
|-activate|p1a: Eiscue|ability: Ice Face
|-damage|p1a: Eiscue|205/274
|detailschange|p1a: Eiscue|Eiscue-Noice, L88, M
|
|upkeep
|turn|41
|
|t:|1776969836
|move|p1a: Eiscue|Ice Spinner|p2a: Dialga
|-damage|p2a: Dialga|0 fnt
|faint|p2a: Dialga
|
|upkeep
|
|t:|1776969854
|switch|p2a: Frosmoth|Frosmoth, L82, F|249/249
|turn|42
|
|t:|1776969858
|move|p1a: Eiscue|Iron Head|p2a: Frosmoth
|-supereffective|p2a: Frosmoth
|-damage|p2a: Frosmoth|0 fnt
|faint|p2a: Frosmoth
|
|upkeep
|
|t:|1776969861
|switch|p2a: Entei|Entei, L78|224/307
|turn|43
|
|t:|1776969868
|move|p1a: Eiscue|Liquidation|p2a: Entei
|-supereffective|p2a: Entei
|-damage|p2a: Entei|0 fnt
|faint|p2a: Entei
|
|win|kgnygkuyg
|raw|kgnygkuyg's rating: 1370 &rarr; <strong>1387</strong><br />(+17 for winning)
|raw|Shay7061's rating: 1317 &rarr; <strong>1300</strong><br />(-17 for losing)
|l|☆Shay7061
|player|p2|
