|j|☆Amyzing_me
|j|☆sofawofa
|t:|1776969242
|gametype|singles
|player|p1|Amyzing_me|1|
|player|p2|sofawofa|dawn|
|gen|9
|tier|[Gen 9] Random Battle
|rule|Species Clause: Limit one of each Pokémon
|rule|HP Percentage Mod: HP is shown in percentages
|rule|Sleep Clause Mod: Limit one foe put to sleep
|rule|Illusion Level Mod: Illusion disguises the Pokémon's true level
|
|t:|1776969242
|teamsize|p1|6
|teamsize|p2|6
|start
|switch|p1a: Shiftry|Shiftry, L89, M|305/305
|switch|p2a: Hippowdon|Hippowdon, L82, F|311/311
|-weather|Sandstorm|[from] ability: Sand Stream|[of] p2a: Hippowdon
|turn|1
|
|t:|1776969265
|move|p1a: Shiftry|Defog|p2a: Hippowdon
|-unboost|p2a: Hippowdon|evasion|1
|move|p2a: Hippowdon|Stealth Rock|p1a: Shiftry
|-sidestart|p1: Amyzing_me|move: Stealth Rock
|
|-weather|Sandstorm|[upkeep]
|-damage|p1a: Shiftry|286/305|[from] Sandstorm
|upkeep
|turn|2
|
|t:|1776969284
|switch|p2a: Copperajah|Copperajah, L86, M|350/350
|move|p1a: Shiftry|Leaf Storm|p2a: Copperajah
|-resisted|p2a: Copperajah
|-damage|p2a: Copperajah|272/350
|-unboost|p1a: Shiftry|spa|2
|
|-weather|Sandstorm|[upkeep]
|-damage|p1a: Shiftry|267/305|[from] Sandstorm
|upkeep
|turn|3
|
|t:|1776969299
|move|p1a: Shiftry|Leaf Storm|p2a: Copperajah
|-resisted|p2a: Copperajah
|-damage|p2a: Copperajah|233/350
|-unboost|p1a: Shiftry|spa|2
|move|p2a: Copperajah|Superpower|p1a: Shiftry
|-supereffective|p1a: Shiftry
|-damage|p1a: Shiftry|0 fnt
|-unboost|p2a: Copperajah|atk|1
|-unboost|p2a: Copperajah|def|1
|faint|p1a: Shiftry
|-damage|p2a: Copperajah|198/350|[from] item: Life Orb
|
|-weather|Sandstorm|[upkeep]
|upkeep
|
|t:|1776969333
|switch|p1a: Mamoswine|Mamoswine, L81, M|311/311
|-damage|p1a: Mamoswine|273/311|[from] Stealth Rock
|turn|4
|
|t:|1776969338
|move|p1a: Mamoswine|Earthquake|p2a: Copperajah
|-supereffective|p2a: Copperajah
|-damage|p2a: Copperajah|0 fnt
|faint|p2a: Copperajah
|-damage|p1a: Mamoswine|242/311|[from] item: Life Orb
|
|-weather|Sandstorm|[upkeep]
|upkeep
|
|t:|1776969346
|switch|p2a: Sceptile|Sceptile, L87, M|264/264
|turn|5
|
|t:|1776969353
|move|p1a: Mamoswine|Ice Shard|p2a: Sceptile
|-supereffective|p2a: Sceptile
|-crit|p2a: Sceptile
|-damage|p2a: Sceptile|20/264
|-damage|p1a: Mamoswine|211/311|[from] item: Life Orb
|move|p2a: Sceptile|Giga Drain|p1a: Mamoswine
|-supereffective|p1a: Mamoswine
|-damage|p1a: Mamoswine|0 fnt
|-heal|p2a: Sceptile|126/264|[from] drain|[of] p1a: Mamoswine
|faint|p1a: Mamoswine
|-damage|p2a: Sceptile|100/264|[from] item: Life Orb
|
|-weather|none
|upkeep
|
|t:|1776969365
|switch|p1a: Iron Hands|Iron Hands, L79|373/373
|-damage|p1a: Iron Hands|350/373|[from] Stealth Rock
|turn|6
|
|t:|1776969377
|move|p2a: Sceptile|Earthquake|p1a: Iron Hands
|-supereffective|p1a: Iron Hands
|-damage|p1a: Iron Hands|181/373
|-damage|p2a: Sceptile|74/264|[from] item: Life Orb
|move|p1a: Iron Hands|Drain Punch|p2a: Sceptile
|-damage|p2a: Sceptile|0 fnt
|-heal|p1a: Iron Hands|218/373|[from] drain|[of] p2a: Sceptile
|faint|p2a: Sceptile
|
|upkeep
|
|t:|1776969390
|switch|p2a: Deoxys|Deoxys-Defense, L84|221/221
|-ability|p2a: Deoxys|Pressure
|turn|7
|
|t:|1776969403
|move|p2a: Deoxys|Cosmic Power|p2a: Deoxys
|-boost|p2a: Deoxys|def|1
|-boost|p2a: Deoxys|spd|1
|move|p1a: Iron Hands|Wild Charge|p2a: Deoxys
|-damage|p2a: Deoxys|176/221
|-damage|p1a: Iron Hands|207/373|[from] Recoil
|
|-heal|p2a: Deoxys|189/221|[from] item: Leftovers
|upkeep
|turn|8
|
|t:|1776969426
|move|p2a: Deoxys|Cosmic Power|p2a: Deoxys
|-boost|p2a: Deoxys|def|1
|-boost|p2a: Deoxys|spd|1
|move|p1a: Iron Hands|Heavy Slam|p2a: Deoxys
|-damage|p2a: Deoxys|156/221
|
|-heal|p2a: Deoxys|169/221|[from] item: Leftovers
|upkeep
|turn|9
|
|t:|1776969444
|-end|p1a: Iron Hands|Quark Drive|[silent]
|switch|p1a: Corviknight|Corviknight, L80, M|288/288
|-damage|p1a: Corviknight|252/288|[from] Stealth Rock
|-ability|p1a: Corviknight|Pressure
|move|p2a: Deoxys|Cosmic Power|p2a: Deoxys
|-boost|p2a: Deoxys|def|1
|-boost|p2a: Deoxys|spd|1
|
|-heal|p2a: Deoxys|182/221|[from] item: Leftovers
|upkeep
|turn|10
|
|t:|1776969460
|move|p2a: Deoxys|Cosmic Power|p2a: Deoxys
|-boost|p2a: Deoxys|def|1
|-boost|p2a: Deoxys|spd|1
|move|p1a: Corviknight|U-turn|p2a: Deoxys
|-supereffective|p2a: Deoxys
|-damage|p2a: Deoxys|164/221
|
|t:|1776969480
|switch|p1a: Wyrdeer|Wyrdeer, L87, M|321/321|[from] U-turn
|-damage|p1a: Wyrdeer|281/321|[from] Stealth Rock
|-ability|p1a: Wyrdeer|Intimidate|boost
|-unboost|p2a: Deoxys|atk|1
|
|-heal|p2a: Deoxys|177/221|[from] item: Leftovers
|-heal|p1a: Wyrdeer|301/321|[from] item: Leftovers
|upkeep
|turn|11
|
|t:|1776969495
|move|p2a: Deoxys|Cosmic Power|p2a: Deoxys
|-boost|p2a: Deoxys|def|1
|-boost|p2a: Deoxys|spd|1
|move|p1a: Wyrdeer|Thunder Wave|p2a: Deoxys
|-status|p2a: Deoxys|par
|
|-heal|p1a: Wyrdeer|321/321|[from] item: Leftovers
|-heal|p2a: Deoxys|190/221 par|[from] item: Leftovers
|upkeep
|turn|12
|
|t:|1776969508
|move|p1a: Wyrdeer|Earthquake|p2a: Deoxys
|-damage|p2a: Deoxys|176/221 par
|move|p2a: Deoxys|Stored Power|p1a: Wyrdeer
|-resisted|p1a: Wyrdeer
|-damage|p1a: Wyrdeer|222/321
|
|-heal|p1a: Wyrdeer|242/321|[from] item: Leftovers
|-heal|p2a: Deoxys|189/221 par|[from] item: Leftovers
|upkeep
|turn|13
|
|t:|1776969526
|move|p1a: Wyrdeer|Thunder Wave|p2a: Deoxys
|-fail|p2a: Deoxys|par
|move|p2a: Deoxys|Cosmic Power|p2a: Deoxys
|-boost|p2a: Deoxys|def|1
|-boost|p2a: Deoxys|spd|1
|
|-heal|p1a: Wyrdeer|262/321|[from] item: Leftovers
|-heal|p2a: Deoxys|202/221 par|[from] item: Leftovers
|upkeep
|turn|14
|
|t:|1776969544
|switch|p1a: Infernape|Infernape, L82, F|259/259
|-damage|p1a: Infernape|227/259|[from] Stealth Rock
|move|p2a: Deoxys|Stored Power|p1a: Infernape
|-supereffective|p1a: Infernape
|-damage|p1a: Infernape|0 fnt
|faint|p1a: Infernape
|
|-heal|p2a: Deoxys|215/221 par|[from] item: Leftovers
|upkeep
|
|t:|1776969556
|switch|p1a: Wyrdeer|Wyrdeer, L87, M|262/321
|-damage|p1a: Wyrdeer|222/321|[from] Stealth Rock
|-ability|p1a: Wyrdeer|Intimidate|boost
|-unboost|p2a: Deoxys|atk|1
|turn|15
|
|t:|1776969563
|move|p1a: Wyrdeer|Earthquake|p2a: Deoxys
|-damage|p2a: Deoxys|201/221 par
|move|p2a: Deoxys|Stored Power|p1a: Wyrdeer
|-resisted|p1a: Wyrdeer
|-damage|p1a: Wyrdeer|111/321
|
|-heal|p1a: Wyrdeer|131/321|[from] item: Leftovers
|-heal|p2a: Deoxys|214/221 par|[from] item: Leftovers
|upkeep
|turn|16
|
|t:|1776969573
|move|p1a: Wyrdeer|Psychic Noise|p2a: Deoxys
|-resisted|p2a: Deoxys
|-damage|p2a: Deoxys|207/221 par
|-start|p2a: Deoxys|move: Heal Block
|cant|p2a: Deoxys|par
|
|-heal|p1a: Wyrdeer|151/321|[from] item: Leftovers
|upkeep
|turn|17
|
|t:|1776969585
|move|p1a: Wyrdeer|Psychic Noise|p2a: Deoxys
|-resisted|p2a: Deoxys
|-damage|p2a: Deoxys|200/221 par
|move|p2a: Deoxys|Stored Power|p1a: Wyrdeer
|-resisted|p1a: Wyrdeer
|-damage|p1a: Wyrdeer|40/321
|
|-heal|p1a: Wyrdeer|60/321|[from] item: Leftovers
|-end|p2a: Deoxys|move: Heal Block
|upkeep
|turn|18
|
|t:|1776969598
|move|p1a: Wyrdeer|Body Slam|p2a: Deoxys
|-damage|p2a: Deoxys|182/221 par
|move|p2a: Deoxys|Stored Power|p1a: Wyrdeer
|-resisted|p1a: Wyrdeer
|-damage|p1a: Wyrdeer|0 fnt
|faint|p1a: Wyrdeer
|
|-heal|p2a: Deoxys|195/221 par|[from] item: Leftovers
|upkeep
|
|t:|1776969607
|switch|p1a: Iron Hands|Iron Hands, L79|207/373
|-damage|p1a: Iron Hands|184/373|[from] Stealth Rock
|turn|19
|
|t:|1776969616
|move|p1a: Iron Hands|Heavy Slam|p2a: Deoxys
|-damage|p2a: Deoxys|178/221 par
|move|p2a: Deoxys|Stored Power|p1a: Iron Hands
|-supereffective|p1a: Iron Hands
|-damage|p1a: Iron Hands|0 fnt
|faint|p1a: Iron Hands
|-end|p1a: Iron Hands|Quark Drive|[silent]
|
|-heal|p2a: Deoxys|191/221 par|[from] item: Leftovers
|upkeep
|
|t:|1776969624
|switch|p1a: Corviknight|Corviknight, L80, M|252/288
|-damage|p1a: Corviknight|216/288|[from] Stealth Rock
|-ability|p1a: Corviknight|Pressure
|turn|20
|
|t:|1776969632
|move|p1a: Corviknight|U-turn|p2a: Deoxys
|-supereffective|p2a: Deoxys
|-damage|p2a: Deoxys|179/221 par
|move|p2a: Deoxys|Stored Power|p1a: Corviknight
|-resisted|p1a: Corviknight
|-damage|p1a: Corviknight|96/288
|
|-heal|p2a: Deoxys|192/221 par|[from] item: Leftovers
|upkeep
|turn|21
|
|t:|1776969650
|move|p1a: Corviknight|Roost|p1a: Corviknight
|-heal|p1a: Corviknight|240/288
|-singleturn|p1a: Corviknight|move: Roost
|cant|p2a: Deoxys|par
|
|-heal|p2a: Deoxys|205/221 par|[from] item: Leftovers
|upkeep
|turn|22
|
|t:|1776969660
|move|p1a: Corviknight|Brave Bird|p2a: Deoxys
|-damage|p2a: Deoxys|187/221 par
|-damage|p1a: Corviknight|234/288|[from] Recoil
|cant|p2a: Deoxys|par
|
|-heal|p2a: Deoxys|200/221 par|[from] item: Leftovers
|upkeep
|turn|23
|
|t:|1776969669
|move|p1a: Corviknight|Body Press|p2a: Deoxys
|-resisted|p2a: Deoxys
|-damage|p2a: Deoxys|195/221 par
|move|p2a: Deoxys|Cosmic Power|p2a: Deoxys
|-boost|p2a: Deoxys|def|0
|-boost|p2a: Deoxys|spd|0
|
|-heal|p2a: Deoxys|208/221 par|[from] item: Leftovers
|upkeep
|turn|24
|
|t:|1776969679
|move|p1a: Corviknight|U-turn|p2a: Deoxys
|-supereffective|p2a: Deoxys
|-damage|p2a: Deoxys|194/221 par
|move|p2a: Deoxys|Stored Power|p1a: Corviknight
|-resisted|p1a: Corviknight
|-damage|p1a: Corviknight|111/288
|
|-heal|p2a: Deoxys|207/221 par|[from] item: Leftovers
|upkeep
|turn|25
|
|t:|1776969692
|move|p1a: Corviknight|Roost|p1a: Corviknight
|-heal|p1a: Corviknight|255/288
|-singleturn|p1a: Corviknight|move: Roost
|cant|p2a: Deoxys|par
|
|-heal|p2a: Deoxys|220/221 par|[from] item: Leftovers
|upkeep
|turn|26
|
|t:|1776969700
|move|p1a: Corviknight|U-turn|p2a: Deoxys
|-supereffective|p2a: Deoxys
|-damage|p2a: Deoxys|206/221 par
|move|p2a: Deoxys|Night Shade|p1a: Corviknight
|-damage|p1a: Corviknight|171/288
|
|-heal|p2a: Deoxys|219/221 par|[from] item: Leftovers
|upkeep
|turn|27
|
|t:|1776969708
|move|p1a: Corviknight|Body Press|p2a: Deoxys
|-resisted|p2a: Deoxys
|-damage|p2a: Deoxys|214/221 par
|move|p2a: Deoxys|Night Shade|p1a: Corviknight
|-damage|p1a: Corviknight|87/288
|
|-heal|p2a: Deoxys|221/221 par|[from] item: Leftovers
|upkeep
|turn|28
|
|t:|1776969715
|move|p1a: Corviknight|Roost|p1a: Corviknight
|-heal|p1a: Corviknight|231/288
|-singleturn|p1a: Corviknight|move: Roost
|move|p2a: Deoxys|Night Shade|p1a: Corviknight
|-damage|p1a: Corviknight|147/288
|
|upkeep
|turn|29
|
|t:|1776969724
|move|p1a: Corviknight|Brave Bird|p2a: Deoxys
|-damage|p2a: Deoxys|205/221 par
|-damage|p1a: Corviknight|142/288|[from] Recoil
|move|p2a: Deoxys|Night Shade|p1a: Corviknight
|-damage|p1a: Corviknight|58/288
|
|-heal|p2a: Deoxys|218/221 par|[from] item: Leftovers
|upkeep
|turn|30
|l|☆Amyzing_me
|player|p1|
|inactive|Battle timer is ON: inactive players will automatically lose when time's up. (requested by sofawofa)
|inactive|Amyzing_me has 270 seconds to reconnect!
|inactive|Amyzing_me has 240 seconds to reconnect!
|inactive|Amyzing_me has 210 seconds to reconnect!
|inactive|Amyzing_me has 180 seconds to reconnect!
|inactive|Amyzing_me has 150 seconds to reconnect!
|inactive|Amyzing_me has 120 seconds to reconnect!
|inactive|Amyzing_me has 90 seconds to reconnect!
|inactive|Amyzing_me has 60 seconds to reconnect!
|inactive|Amyzing_me has 30 seconds to reconnect!
|inactive|Amyzing_me has 20 seconds to reconnect!
|inactive|Amyzing_me has 15 seconds to reconnect!
|inactive|Amyzing_me has 10 seconds to reconnect!
|inactive|Amyzing_me has 5 seconds to reconnect!
|-message|Amyzing_me lost due to inactivity.
|
|win|sofawofa
