|j|☆jayspence
|j|☆pokiemanfan
|t:|1776982678
|gametype|singles
|player|p1|jayspence|1|1200
|player|p2|pokiemanfan|n|1234
|gen|9
|tier|[Gen 9] Random Battle
|rated|
|rule|Species Clause: Limit one of each Pokémon
|rule|HP Percentage Mod: HP is shown in percentages
|rule|Sleep Clause Mod: Limit one foe put to sleep
|rule|Illusion Level Mod: Illusion disguises the Pokémon's true level
|
|t:|1776982678
|teamsize|p1|6
|teamsize|p2|6
|start
|switch|p1a: Tinkaton|Tinkaton, L82, F|274/274
|switch|p2a: Garchomp|Garchomp, L74, M|282/282
|-ability|p1a: Tinkaton|Mold Breaker
|turn|1
|inactive|Battle timer is ON: inactive players will automatically lose when time's up. (requested by pokiemanfan)
|
|t:|1776982697
|-terastallize|p2a: Garchomp|Ground
|move|p1a: Tinkaton|Swords Dance|p1a: Tinkaton
|-boost|p1a: Tinkaton|atk|2
|move|p2a: Garchomp|Earthquake|p1a: Tinkaton
|-supereffective|p1a: Tinkaton
|-damage|p1a: Tinkaton|0 fnt
|faint|p1a: Tinkaton
|
|upkeep
|
|t:|1776982715
|switch|p1a: Brute Bonnet|Brute Bonnet, L80|309/309
|turn|2
|
|t:|1776982735
|switch|p2a: Glimmora|Glimmora, L75, M|248/248
|-item|p2a: Glimmora|Air Balloon
|move|p1a: Brute Bonnet|Spore|p2a: Glimmora
|-status|p2a: Glimmora|slp|[from] move: Spore
|
|upkeep
|turn|3
|
|t:|1776982748
|-end|p1a: Brute Bonnet|Protosynthesis|[silent]
|switch|p1a: Meganium|Meganium, L90, M|290/290
|cant|p2a: Glimmora|slp
|
|upkeep
|turn|4
|
|t:|1776982755
|move|p1a: Meganium|Energy Ball|p2a: Glimmora
|-damage|p2a: Glimmora|130/248 slp
|-enditem|p2a: Glimmora|Air Balloon
|-curestatus|p2a: Glimmora|slp|[msg]
|move|p2a: Glimmora|Stealth Rock|p1a: Meganium
|-sidestart|p1: jayspence|move: Stealth Rock
|
|upkeep
|turn|5
|
|t:|1776982763
|move|p1a: Meganium|Energy Ball|p2a: Glimmora
|-damage|p2a: Glimmora|10/248
|move|p2a: Glimmora|Sludge Wave|p1a: Meganium
|-supereffective|p1a: Meganium
|-damage|p1a: Meganium|126/290
|
|-heal|p1a: Meganium|144/290|[from] item: Leftovers
|upkeep
|turn|6
|
|t:|1776982775
|switch|p2a: Chi-Yu|Chi-Yu, L77|211/211
|-ability|p2a: Chi-Yu|Beads of Ruin
|move|p1a: Meganium|Energy Ball|p2a: Chi-Yu
|-resisted|p2a: Chi-Yu
|-damage|p2a: Chi-Yu|170/211
|-unboost|p2a: Chi-Yu|spd|1
|
|-heal|p1a: Meganium|162/290|[from] item: Leftovers
|upkeep
|turn|7
|
|t:|1776982805
|switch|p1a: Basculegion|Basculegion, L80, M|323/323
|-damage|p1a: Basculegion|283/323|[from] Stealth Rock
|move|p2a: Chi-Yu|Nasty Plot|p2a: Chi-Yu
|-boost|p2a: Chi-Yu|spa|2
|
|upkeep
|turn|8
|
|t:|1776982818
|move|p2a: Chi-Yu|Dark Pulse|p1a: Basculegion
|-supereffective|p1a: Basculegion
|-damage|p1a: Basculegion|0 fnt
|faint|p1a: Basculegion
|
|upkeep
|
|t:|1776982823
|switch|p1a: Pawmot|Pawmot, L80, F|243/243
|-damage|p1a: Pawmot|228/243|[from] Stealth Rock
|turn|9
|
|t:|1776982839
|switch|p2a: Glimmora|Glimmora, L75, M|10/248
|move|p1a: Pawmot|Close Combat|p2a: Glimmora
|-damage|p2a: Glimmora|0 fnt
|-unboost|p1a: Pawmot|def|1
|-unboost|p1a: Pawmot|spd|1
|-activate|p2a: Glimmora|ability: Toxic Debris
|-sidestart|p1: jayspence|move: Toxic Spikes
|faint|p2a: Glimmora
|
|upkeep
|
|t:|1776982851
|switch|p2a: Garchomp|Garchomp, L74, M, tera:Ground|282/282
|turn|10
|
|t:|1776982874
|move|p1a: Pawmot|Revival Blessing|p1a: Pawmot
|-enditem|p1a: Pawmot|Leppa Berry|[eat]
|-activate|p1a: Pawmot|item: Leppa Berry|Revival Blessing|[consumed]
|
|t:|1776982883
|-heal|p1: Tinkaton|137/274|[from] move: Revival Blessing
|move|p2a: Garchomp|Spikes|p1a: Pawmot
|-sidestart|p1: jayspence|Spikes
|
|upkeep
|turn|11
|
|t:|1776982890
|move|p1a: Pawmot|Close Combat|p2a: Garchomp
|-damage|p2a: Garchomp|135/282
|-unboost|p1a: Pawmot|def|1
|-unboost|p1a: Pawmot|spd|1
|-damage|p1a: Pawmot|198/243|[from] ability: Rough Skin|[of] p2a: Garchomp
|-damage|p1a: Pawmot|158/243|[from] item: Rocky Helmet|[of] p2a: Garchomp
|move|p2a: Garchomp|Spikes|p1a: Pawmot
|-sidestart|p1: jayspence|Spikes
|
|upkeep
|turn|12
|
|t:|1776982902
|switch|p2a: Spiritomb|Spiritomb, L89, F|234/234
|move|p1a: Pawmot|Close Combat|p2a: Spiritomb
|-immune|p2a: Spiritomb
|
|upkeep
|turn|13
|
|t:|1776982914
|move|p1a: Pawmot|Revival Blessing|p1a: Pawmot
|
|t:|1776982917
|-heal|p1: Basculegion|161/323|[from] move: Revival Blessing
|move|p2a: Spiritomb|Will-O-Wisp|p1a: Pawmot
|-status|p1a: Pawmot|brn
|
|-damage|p1a: Pawmot|143/243 brn|[from] brn
|upkeep
|turn|14
|
|t:|1776982929
|switch|p2a: Garchomp|Garchomp, L74, M, tera:Ground|135/282
|move|p1a: Pawmot|Nuzzle|p2a: Garchomp
|-immune|p2a: Garchomp
|
|-damage|p1a: Pawmot|128/243 brn|[from] brn
|upkeep
|turn|15
|
|t:|1776982941
|switch|p2a: Spiritomb|Spiritomb, L89, F|234/234
|move|p1a: Pawmot|Close Combat|p2a: Spiritomb
|-immune|p2a: Spiritomb
|
|-damage|p1a: Pawmot|113/243 brn|[from] brn
|upkeep
|turn|16
|
|t:|1776982953
|switch|p2a: Garchomp|Garchomp, L74, M, tera:Ground|135/282
|move|p1a: Pawmot|Close Combat|p2a: Garchomp
|-damage|p2a: Garchomp|67/282
|-unboost|p1a: Pawmot|def|1
|-unboost|p1a: Pawmot|spd|1
|-damage|p1a: Pawmot|83/243 brn|[from] ability: Rough Skin|[of] p2a: Garchomp
|-damage|p1a: Pawmot|43/243 brn|[from] item: Rocky Helmet|[of] p2a: Garchomp
|
|-damage|p1a: Pawmot|28/243 brn|[from] brn
|upkeep
|turn|17
|
|t:|1776982972
|move|p1a: Pawmot|Double Shock|p2a: Garchomp
|-immune|p2a: Garchomp
|move|p2a: Garchomp|Spikes|p1a: Pawmot
|-sidestart|p1: jayspence|Spikes
|
|-damage|p1a: Pawmot|13/243 brn|[from] brn
|upkeep
|turn|18
|
|t:|1776982988
|switch|p2a: Spiritomb|Spiritomb, L89, F|234/234
|move|p1a: Pawmot|Close Combat|p2a: Spiritomb
|-immune|p2a: Spiritomb
|
|-damage|p1a: Pawmot|0 fnt|[from] brn
|faint|p1a: Pawmot
|upkeep
|inactive|jayspence has 120 seconds left.
|
|t:|1776983014
|switch|p1a: Tinkaton|Tinkaton, L82, F|137/274
|-damage|p1a: Tinkaton|120/274|[from] Stealth Rock
|-damage|p1a: Tinkaton|52/274|[from] Spikes
|-ability|p1a: Tinkaton|Mold Breaker
|turn|19
|
|t:|1776983025
|move|p1a: Tinkaton|Play Rough|p2a: Spiritomb
|-supereffective|p2a: Spiritomb
|-damage|p2a: Spiritomb|120/234
|move|p2a: Spiritomb|Will-O-Wisp|p1a: Tinkaton
|-status|p1a: Tinkaton|brn
|
|-heal|p1a: Tinkaton|69/274 brn|[from] item: Leftovers
|-heal|p2a: Spiritomb|134/234|[from] item: Leftovers
|-damage|p1a: Tinkaton|52/274 brn|[from] brn
|upkeep
|turn|20
|
|t:|1776983040
|switch|p2a: Garchomp|Garchomp, L74, M, tera:Ground|67/282
|move|p1a: Tinkaton|Play Rough|p2a: Garchomp
|-damage|p2a: Garchomp|28/282
|-damage|p1a: Tinkaton|18/274 brn|[from] ability: Rough Skin|[of] p2a: Garchomp
|-damage|p1a: Tinkaton|0 fnt|[from] item: Rocky Helmet|[of] p2a: Garchomp
|faint|p1a: Tinkaton
|
|upkeep
|
|t:|1776983055
|switch|p1a: Toxtricity|Toxtricity, L82, M|257/257
|-damage|p1a: Toxtricity|225/257|[from] Stealth Rock
|-sideend|p1: jayspence|move: Toxic Spikes|[of] p1a: Toxtricity
|-damage|p1a: Toxtricity|161/257|[from] Spikes
|turn|21
|inactive|jayspence has 90 seconds left.
|
|t:|1776983077
|-terastallize|p1a: Toxtricity|Normal
|move|p2a: Garchomp|Earthquake|p1a: Toxtricity
|-damage|p1a: Toxtricity|1/257
|move|p1a: Toxtricity|Shift Gear|p1a: Toxtricity
|-boost|p1a: Toxtricity|spe|2
|-boost|p1a: Toxtricity|atk|1
|
|upkeep
|turn|22
|inactive|jayspence has 90 seconds left.
|
|t:|1776983089
|move|p1a: Toxtricity|Boomburst|p2a: Garchomp
|-damage|p2a: Garchomp|0 fnt
|faint|p2a: Garchomp
|-enditem|p1a: Toxtricity|Throat Spray
|-boost|p1a: Toxtricity|spa|1|[from] item: Throat Spray
|
|upkeep
|
|t:|1776983101
|switch|p2a: Fezandipiti|Fezandipiti, L82, M|278/278
|turn|23
|inactive|jayspence has 90 seconds left.
|
|t:|1776983119
|move|p1a: Toxtricity|Boomburst|p2a: Fezandipiti
|-damage|p2a: Fezandipiti|107/278
|move|p2a: Fezandipiti|Moonblast|p1a: Toxtricity
|-damage|p1a: Toxtricity|0 fnt
|faint|p1a: Toxtricity
|
|upkeep
|inactive|jayspence has 90 seconds left.
|
|t:|1776983135
|switch|p1a: Brute Bonnet|Brute Bonnet, L80|309/309
|-damage|p1a: Brute Bonnet|271/309|[from] Stealth Rock
|-damage|p1a: Brute Bonnet|194/309|[from] Spikes
|turn|24
|
|t:|1776983148
|move|p2a: Fezandipiti|Gunk Shot|p1a: Brute Bonnet
|-supereffective|p1a: Brute Bonnet
|-damage|p1a: Brute Bonnet|0 fnt
|faint|p1a: Brute Bonnet
|-end|p1a: Brute Bonnet|Protosynthesis|[silent]
|
|upkeep
|
|t:|1776983152
|switch|p1a: Basculegion|Basculegion, L80, M|161/323
|-damage|p1a: Basculegion|121/323|[from] Stealth Rock
|-damage|p1a: Basculegion|41/323|[from] Spikes
|turn|25
|inactive|jayspence has 90 seconds left.
|
|t:|1776983165
|move|p1a: Basculegion|Aqua Jet|p2a: Fezandipiti
|-damage|p2a: Fezandipiti|37/278
|move|p2a: Fezandipiti|Moonblast|p1a: Basculegion
|-damage|p1a: Basculegion|0 fnt
|faint|p1a: Basculegion
|
|upkeep
|
|t:|1776983171
|switch|p1a: Meganium|Meganium, L90, M|162/290
|-damage|p1a: Meganium|126/290|[from] Stealth Rock
|-damage|p1a: Meganium|54/290|[from] Spikes
|turn|26
|inactive|jayspence has 90 seconds left.
|
|t:|1776983183
|move|p2a: Fezandipiti|Heat Wave|p1a: Meganium|[miss]
|-miss|p2a: Fezandipiti|p1a: Meganium
|move|p1a: Meganium|Synthesis|p1a: Meganium
|-heal|p1a: Meganium|199/290
|
|-heal|p1a: Meganium|217/290|[from] item: Leftovers
|upkeep
|turn|27
|inactive|jayspence has 90 seconds left.
|
|t:|1776983192
|move|p2a: Fezandipiti|Gunk Shot|p1a: Meganium
|-supereffective|p1a: Meganium
|-damage|p1a: Meganium|13/290
|-status|p1a: Meganium|tox|[from] ability: Toxic Chain|[of] p2a: Fezandipiti
|move|p1a: Meganium|Knock Off|p2a: Fezandipiti
|-resisted|p2a: Fezandipiti
|-damage|p2a: Fezandipiti|0 fnt
|-enditem|p2a: Fezandipiti|Assault Vest|[from] move: Knock Off|[of] p1a: Meganium
|faint|p2a: Fezandipiti
|
|-heal|p1a: Meganium|31/290 tox|[from] item: Leftovers
|-damage|p1a: Meganium|13/290 tox|[from] psn
|upkeep
|
|t:|1776983205
|switch|p2a: Hawlucha|Hawlucha, L80, M|256/256
|turn|28
|
|t:|1776983210
|move|p2a: Hawlucha|Brave Bird|p1a: Meganium
|-supereffective|p1a: Meganium
|-damage|p1a: Meganium|0 fnt
|faint|p1a: Meganium
|-damage|p2a: Hawlucha|252/256|[from] Recoil
|
|win|pokiemanfan
|raw|jayspence's rating: 1200 &rarr; <strong>1177</strong><br />(-23 for losing)
|raw|pokiemanfan's rating: 1234 &rarr; <strong>1257</strong><br />(+23 for winning)
|l|☆jayspence
|player|p1|
