|j|☆2018 blunder
|j|☆chernobyl×10
|t:|1776974366
|gametype|singles
|player|p1|2018 blunder|skier|1856
|player|p2|chernobyl×10|steven|1882
|gen|9
|tier|[Gen 9] Random Battle
|rated|
|rule|Species Clause: Limit one of each Pokémon
|rule|HP Percentage Mod: HP is shown in percentages
|rule|Sleep Clause Mod: Limit one foe put to sleep
|rule|Illusion Level Mod: Illusion disguises the Pokémon's true level
|
|t:|1776974366
|teamsize|p1|6
|teamsize|p2|6
|start
|switch|p1a: Regirock|Regirock, L83|268/268
|switch|p2a: Slaking|Slaking, L84, M|389/389
|turn|1
|inactive|Battle timer is ON: inactive players will automatically lose when time's up. (requested by chernobyl×10)
|inactive|2018 blunder also wants the timer to be on.
|
|t:|1776974382
|switch|p2a: Uxie|Uxie, L83|260/260
|move|p1a: Regirock|Body Press|p2a: Uxie
|-resisted|p2a: Uxie
|-damage|p2a: Uxie|220/260
|
|-heal|p2a: Uxie|236/260|[from] item: Leftovers
|upkeep
|turn|2
|
|t:|1776974403
|switch|p1a: Honchkrow|Honchkrow, L86, M|312/312
|move|p2a: Uxie|Encore||[still]
|-fail|p2a: Uxie
|
|-heal|p2a: Uxie|252/260|[from] item: Leftovers
|upkeep
|turn|3
|
|t:|1776974414
|move|p2a: Uxie|Stealth Rock|p1a: Honchkrow
|-sidestart|p1: 2018 blunder|move: Stealth Rock
|move|p1a: Honchkrow|U-turn|p2a: Uxie
|-supereffective|p2a: Uxie
|-damage|p2a: Uxie|162/260
|
|t:|1776974422
|switch|p1a: Clefable|Clefable, L83, M|293/293|[from] U-turn
|-damage|p1a: Clefable|257/293|[from] Stealth Rock
|
|-heal|p2a: Uxie|178/260|[from] item: Leftovers
|-heal|p1a: Clefable|275/293|[from] item: Leftovers
|upkeep
|turn|4
|
|t:|1776974430
|move|p2a: Uxie|Psychic Noise|p1a: Clefable
|-damage|p1a: Clefable|209/293
|-start|p1a: Clefable|move: Heal Block
|move|p1a: Clefable|Knock Off|p2a: Uxie
|-supereffective|p2a: Uxie
|-damage|p2a: Uxie|90/260
|-enditem|p2a: Uxie|Leftovers|[from] move: Knock Off|[of] p1a: Clefable
|
|upkeep
|turn|5
|
|t:|1776974436
|move|p2a: Uxie|U-turn|p1a: Clefable
|-resisted|p1a: Clefable
|-damage|p1a: Clefable|185/293
|
|t:|1776974438
|switch|p2a: Qwilfish|Qwilfish-Hisui, L83, F|244/244|[from] U-turn
|-ability|p2a: Qwilfish|Intimidate|boost
|-unboost|p1a: Clefable|atk|1
|move|p1a: Clefable|Moonblast|p2a: Qwilfish
|-damage|p2a: Qwilfish|151/244
|
|-end|p1a: Clefable|move: Heal Block
|upkeep
|turn|6
|
|t:|1776974450
|switch|p1a: Regirock|Regirock, L83|268/268
|-damage|p1a: Regirock|235/268|[from] Stealth Rock
|move|p2a: Qwilfish|Gunk Shot|p1a: Regirock
|-resisted|p1a: Regirock
|-damage|p1a: Regirock|206/268
|
|upkeep
|turn|7
|
|t:|1776974461
|switch|p2a: Uxie|Uxie, L83|90/260
|move|p1a: Regirock|Stone Edge|p2a: Uxie|[miss]
|-miss|p1a: Regirock|p2a: Uxie
|
|upkeep
|turn|8
|
|t:|1776974466
|move|p2a: Uxie|U-turn|p1a: Regirock
|-damage|p1a: Regirock|185/268
|
|t:|1776974471
|switch|p2a: Qwilfish|Qwilfish-Hisui, L83, F|151/244|[from] U-turn
|-ability|p2a: Qwilfish|Intimidate|boost
|-fail|p1a: Regirock|unboost|[from] ability: Clear Body|[of] p1a: Regirock
|move|p1a: Regirock|Stone Edge|p2a: Qwilfish
|-damage|p2a: Qwilfish|78/244
|
|upkeep
|turn|9
|
|t:|1776974478
|move|p2a: Qwilfish|Crunch|p1a: Regirock
|-damage|p1a: Regirock|142/268
|move|p1a: Regirock|Stone Edge|p2a: Qwilfish
|-crit|p2a: Qwilfish
|-damage|p2a: Qwilfish|0 fnt
|faint|p2a: Qwilfish
|
|upkeep
|
|t:|1776974483
|switch|p2a: Bruxish|Bruxish, L85, F|254/254
|turn|10
|
|t:|1776974494
|move|p2a: Bruxish|Wave Crash|p1a: Regirock
|-supereffective|p1a: Regirock
|-damage|p1a: Regirock|0 fnt
|faint|p1a: Regirock
|-damage|p2a: Bruxish|207/254|[from] Recoil
|-damage|p2a: Bruxish|182/254|[from] item: Life Orb
|
|upkeep
|
|t:|1776974505
|switch|p1a: Honchkrow|Honchkrow, L86, M|312/312
|turn|11
|inactive|chernobyl×10 has 120 seconds left.
|
|t:|1776974560
|switch|p2a: Pachirisu|Pachirisu, L96, M|271/271
|move|p1a: Honchkrow|Brave Bird|p2a: Pachirisu
|-resisted|p2a: Pachirisu
|-damage|p2a: Pachirisu|183/271
|-damage|p1a: Honchkrow|283/312|[from] Recoil
|
|upkeep
|turn|12
|
|t:|1776974568
|switch|p1a: Hippowdon|Hippowdon, L82, M|311/311
|-damage|p1a: Hippowdon|292/311|[from] Stealth Rock
|-weather|Sandstorm|[from] ability: Sand Stream|[of] p1a: Hippowdon
|move|p2a: Pachirisu|Discharge|p1a: Hippowdon
|-immune|p1a: Hippowdon
|
|-weather|Sandstorm|[upkeep]
|-damage|p2a: Pachirisu|167/271|[from] Sandstorm
|-heal|p1a: Hippowdon|311/311|[from] item: Leftovers
|upkeep
|turn|13
|
|t:|1776974577
|move|p2a: Pachirisu|U-turn|p1a: Hippowdon
|-damage|p1a: Hippowdon|282/311
|inactive|chernobyl×10 has 90 seconds left.
|inactive|chernobyl×10 has 60 seconds left.
|
|t:|1776974638
|switch|p2a: Uxie|Uxie, L83|90/260|[from] U-turn
|move|p1a: Hippowdon|Stone Edge|p2a: Uxie
|-damage|p2a: Uxie|30/260
|
|-weather|Sandstorm|[upkeep]
|-damage|p2a: Uxie|14/260|[from] Sandstorm
|-heal|p1a: Hippowdon|301/311|[from] item: Leftovers
|upkeep
|turn|14
|inactive|chernobyl×10 has 60 seconds left.
|
|t:|1776974645
|switch|p1a: Honchkrow|Honchkrow, L86, M|283/312
|move|p2a: Uxie|U-turn|p1a: Honchkrow
|-damage|p1a: Honchkrow|221/312
|
|t:|1776974650
|switch|p2a: Slaking|Slaking, L84, M|389/389|[from] U-turn
|
|-weather|Sandstorm|[upkeep]
|-damage|p2a: Slaking|365/389|[from] Sandstorm
|-damage|p1a: Honchkrow|202/312|[from] Sandstorm
|upkeep
|turn|15
|
|t:|1776974659
|switch|p1a: Clefable|Clefable, L83, M|185/293
|-damage|p1a: Clefable|149/293|[from] Stealth Rock
|move|p2a: Slaking|Double-Edge|p1a: Clefable
|-damage|p1a: Clefable|0 fnt
|faint|p1a: Clefable
|-damage|p2a: Slaking|316/389|[from] Recoil
|
|-weather|Sandstorm|[upkeep]
|-damage|p2a: Slaking|292/389|[from] Sandstorm
|upkeep
|inactive|2018 blunder has 120 seconds left.
|
|t:|1776974710
|switch|p1a: Okidogi|Okidogi, L77, M|262/262
|-damage|p1a: Okidogi|246/262|[from] Stealth Rock
|turn|16
|
|t:|1776974718
|switch|p2a: Uxie|Uxie, L83|14/260
|move|p1a: Okidogi|Bulk Up|p1a: Okidogi
|-boost|p1a: Okidogi|atk|1
|-boost|p1a: Okidogi|def|1
|
|-weather|none
|-heal|p1a: Okidogi|262/262|[from] item: Leftovers
|upkeep
|turn|17
|
|t:|1776974721
|switch|p1a: Hippowdon|Hippowdon, L82, M|301/311
|-damage|p1a: Hippowdon|282/311|[from] Stealth Rock
|-weather|Sandstorm|[from] ability: Sand Stream|[of] p1a: Hippowdon
|move|p2a: Uxie|Encore||[still]
|-fail|p2a: Uxie
|
|-weather|Sandstorm|[upkeep]
|-damage|p2a: Uxie|0 fnt|[from] Sandstorm
|faint|p2a: Uxie
|-heal|p1a: Hippowdon|301/311|[from] item: Leftovers
|upkeep
|inactive|chernobyl×10 has 90 seconds left.
|
|t:|1776974742
|switch|p2a: Bruxish|Bruxish, L85, F|182/254
|turn|18
|
|t:|1776974746
|switch|p1a: Tauros|Tauros-Paldea-Aqua, L81, M|254/254
|-damage|p1a: Tauros|239/254|[from] Stealth Rock
|-ability|p1a: Tauros|Intimidate|boost
|-unboost|p2a: Bruxish|atk|1
|move|p2a: Bruxish|Wave Crash|p1a: Tauros
|-resisted|p1a: Tauros
|-damage|p1a: Tauros|188/254
|-damage|p2a: Bruxish|165/254|[from] Recoil
|-damage|p2a: Bruxish|140/254|[from] item: Life Orb
|
|-weather|Sandstorm|[upkeep]
|-damage|p1a: Tauros|173/254|[from] Sandstorm
|-damage|p2a: Bruxish|125/254|[from] Sandstorm
|upkeep
|turn|19
|
|t:|1776974757
|switch|p1a: Honchkrow|Honchkrow, L86, M|202/312
|switch|p2a: Pachirisu|Pachirisu, L96, M|167/271
|
|-weather|Sandstorm|[upkeep]
|-damage|p2a: Pachirisu|151/271|[from] Sandstorm
|-damage|p1a: Honchkrow|183/312|[from] Sandstorm
|upkeep
|turn|20
|inactive|chernobyl×10 has 90 seconds left.
|
|t:|1776974774
|move|p1a: Honchkrow|Sucker Punch|p2a: Pachirisu
|-damage|p2a: Pachirisu|57/271
|move|p2a: Pachirisu|Super Fang|p1a: Honchkrow|[miss]
|-miss|p2a: Pachirisu|p1a: Honchkrow
|
|-weather|Sandstorm|[upkeep]
|-damage|p2a: Pachirisu|41/271|[from] Sandstorm
|-damage|p1a: Honchkrow|164/312|[from] Sandstorm
|upkeep
|turn|21
|
|t:|1776974781
|move|p1a: Honchkrow|Sucker Punch||[still]
|-fail|p1a: Honchkrow
|move|p2a: Pachirisu|Encore|p1a: Honchkrow
|-start|p1a: Honchkrow|Encore
|
|-weather|none
|upkeep
|turn|22
|
|t:|1776974791
|switch|p2a: Bruxish|Bruxish, L85, F|125/254
|move|p1a: Honchkrow|Sucker Punch||[still]
|-fail|p1a: Honchkrow
|
|upkeep
|turn|23
|
|t:|1776974796
|switch|p2a: Pachirisu|Pachirisu, L96, M|41/271
|move|p1a: Honchkrow|Sucker Punch||[still]
|-fail|p1a: Honchkrow
|
|upkeep
|turn|24
|inactive|chernobyl×10 has 120 seconds left.
|
|t:|1776974805
|switch|p1a: Hippowdon|Hippowdon, L82, M|301/311
|-damage|p1a: Hippowdon|282/311|[from] Stealth Rock
|-weather|Sandstorm|[from] ability: Sand Stream|[of] p1a: Hippowdon
|move|p2a: Pachirisu|Encore||[still]
|-fail|p2a: Pachirisu
|
|-weather|Sandstorm|[upkeep]
|-damage|p2a: Pachirisu|25/271|[from] Sandstorm
|-heal|p1a: Hippowdon|301/311|[from] item: Leftovers
|upkeep
|turn|25
|
|t:|1776974814
|move|p2a: Pachirisu|Super Fang|p1a: Hippowdon
|-damage|p1a: Hippowdon|151/311
|move|p1a: Hippowdon|Stone Edge|p2a: Pachirisu
|-damage|p2a: Pachirisu|0 fnt
|faint|p2a: Pachirisu
|
|-weather|Sandstorm|[upkeep]
|-heal|p1a: Hippowdon|170/311|[from] item: Leftovers
|upkeep
|inactive|chernobyl×10 has 120 seconds left.
|
|t:|1776974831
|switch|p2a: Bruxish|Bruxish, L85, F|125/254
|turn|26
|
|t:|1776974836
|move|p2a: Bruxish|Psychic Fangs|p1a: Hippowdon
|-crit|p1a: Hippowdon
|-damage|p1a: Hippowdon|0 fnt
|faint|p1a: Hippowdon
|-damage|p2a: Bruxish|100/254|[from] item: Life Orb
|
|-weather|Sandstorm|[upkeep]
|-damage|p2a: Bruxish|85/254|[from] Sandstorm
|upkeep
|
|t:|1776974854
|switch|p1a: Tauros|Tauros-Paldea-Aqua, L81, M|173/254
|-damage|p1a: Tauros|158/254|[from] Stealth Rock
|-ability|p1a: Tauros|Intimidate|boost
|-unboost|p2a: Bruxish|atk|1
|turn|27
|
|t:|1776974862
|move|p1a: Tauros|Close Combat|p2a: Bruxish
|-resisted|p2a: Bruxish
|-damage|p2a: Bruxish|0 fnt
|-unboost|p1a: Tauros|def|1
|-unboost|p1a: Tauros|spd|1
|faint|p2a: Bruxish
|
|-weather|Sandstorm|[upkeep]
|-damage|p1a: Tauros|143/254|[from] Sandstorm
|upkeep
|
|t:|1776974865
|switch|p2a: Slaking|Slaking, L84, M|292/389
|turn|28
|
|t:|1776974876
|switch|p2a: Cloyster|Cloyster, L80, F|211/211
|switch|p1a: Honchkrow|Honchkrow, L86, M|164/312
|
|-weather|none
|upkeep
|turn|29
|
|t:|1776974883
|move|p1a: Honchkrow|Heat Wave|p2a: Cloyster|[miss]
|-miss|p1a: Honchkrow|p2a: Cloyster
|move|p2a: Cloyster|Shell Smash|p2a: Cloyster
|-unboost|p2a: Cloyster|def|1
|-unboost|p2a: Cloyster|spd|1
|-boost|p2a: Cloyster|atk|2
|-boost|p2a: Cloyster|spa|2
|-boost|p2a: Cloyster|spe|2
|-enditem|p2a: Cloyster|White Herb
|-clearnegativeboost|p2a: Cloyster|[silent]
|
|upkeep
|turn|30
|
|t:|1776974889
|move|p2a: Cloyster|Icicle Spear|p1a: Honchkrow
|-supereffective|p1a: Honchkrow
|-damage|p1a: Honchkrow|24/312
|-supereffective|p1a: Honchkrow
|-damage|p1a: Honchkrow|0 fnt
|faint|p1a: Honchkrow
|-hitcount|p1: Honchkrow|2
|
|upkeep
|
|t:|1776974891
|switch|p1a: Tauros|Tauros-Paldea-Aqua, L81, M|143/254
|-damage|p1a: Tauros|128/254|[from] Stealth Rock
|-ability|p1a: Tauros|Intimidate|boost
|-unboost|p2a: Cloyster|atk|1
|turn|31
|inactive|chernobyl×10 has 120 seconds left.
|
|t:|1776974926
|-terastallize|p2a: Cloyster|Ice
|move|p2a: Cloyster|Icicle Spear|p1a: Tauros
|-resisted|p1a: Tauros
|-damage|p1a: Tauros|105/254
|-resisted|p1a: Tauros
|-damage|p1a: Tauros|82/254
|-resisted|p1a: Tauros
|-damage|p1a: Tauros|58/254
|-resisted|p1a: Tauros
|-damage|p1a: Tauros|36/254
|-resisted|p1a: Tauros
|-damage|p1a: Tauros|15/254
|-hitcount|p1a: Tauros|5
|move|p1a: Tauros|Close Combat|p2a: Cloyster
|-supereffective|p2a: Cloyster
|-damage|p2a: Cloyster|0 fnt
|-unboost|p1a: Tauros|def|1
|-unboost|p1a: Tauros|spd|1
|faint|p2a: Cloyster
|
|upkeep
|
|t:|1776974928
|switch|p2a: Slaking|Slaking, L84, M|292/389
|turn|32
|
|t:|1776974939
|move|p2a: Slaking|Double-Edge|p1a: Tauros
|-damage|p1a: Tauros|0 fnt
|faint|p1a: Tauros
|-damage|p2a: Slaking|287/389|[from] Recoil
|
|upkeep
|
|t:|1776974941
|switch|p1a: Okidogi|Okidogi, L77, M|262/262
|-damage|p1a: Okidogi|246/262|[from] Stealth Rock
|turn|33
|
|t:|1776974946
|cant|p2a: Slaking|ability: Truant
|move|p1a: Okidogi|Bulk Up|p1a: Okidogi
|-boost|p1a: Okidogi|atk|1
|-boost|p1a: Okidogi|def|1
|
|-heal|p1a: Okidogi|262/262|[from] item: Leftovers
|upkeep
|turn|34
|
|t:|1776974948
|move|p2a: Slaking|Double-Edge|p1a: Okidogi
|-damage|p1a: Okidogi|97/262
|-damage|p2a: Slaking|233/389|[from] Recoil
|move|p1a: Okidogi|Drain Punch|p2a: Slaking
|-supereffective|p2a: Slaking
|-damage|p2a: Slaking|11/389
|-heal|p1a: Okidogi|208/262|[from] drain|[of] p2a: Slaking
|-status|p2a: Slaking|tox|[from] ability: Toxic Chain|[of] p1a: Okidogi
|
|-heal|p1a: Okidogi|224/262|[from] item: Leftovers
|-damage|p2a: Slaking|0 fnt|[from] psn
|faint|p2a: Slaking
|
|win|2018 blunder
|raw|2018 blunder's rating: 1856 &rarr; <strong>1877</strong><br />(+21 for winning)
|raw|chernobyl×10's rating: 1882 &rarr; <strong>1861</strong><br />(-21 for losing)
