|j|☆dfsfsdfdsfsdfdsf
|j|☆jgdcol
|t:|1772752249
|gametype|singles
|player|p1|dfsfsdfdsfsdfdsf|265|1040
|player|p2|jgdcol|170|1040
|gen|9
|tier|[Gen 9] Random Battle
|rated|
|rule|Species Clause: Limit one of each Pokémon
|rule|HP Percentage Mod: HP is shown in percentages
|rule|Sleep Clause Mod: Limit one foe put to sleep
|rule|Illusion Level Mod: Illusion disguises the Pokémon's true level
|
|t:|1772752249
|teamsize|p1|6
|teamsize|p2|6
|start
|switch|p1a: Walking Wake|Walking Wake, L79|286/286
|switch|p2a: Moltres|Moltres-Galar, L79|271/271
|turn|1
|
|t:|1772752271
|switch|p2a: Alomomola|Alomomola, L87, F|429/429
|move|p1a: Walking Wake|Flip Turn|p2a: Alomomola
|-resisted|p2a: Alomomola
|-damage|p2a: Alomomola|400/429
|-damage|p1a: Walking Wake|239/286|[from] item: Rocky Helmet|[of] p2a: Alomomola
|
|t:|1772752297
|-end|p1a: Walking Wake|Protosynthesis|[silent]
|switch|p1a: Tropius|Tropius, L91, F|328/328|[from] Flip Turn
|
|upkeep
|turn|2
|
|t:|1772752320
|switch|p2a: Heatran|Heatran, L79, M|273/273
|-item|p2a: Heatran|Air Balloon
|move|p1a: Tropius|Dragon Dance|p1a: Tropius
|-boost|p1a: Tropius|atk|1
|-boost|p1a: Tropius|spe|1
|
|upkeep
|turn|3
|
|t:|1772752342
|move|p1a: Tropius|Dual Wingbeat|p2a: Heatran
|-resisted|p2a: Heatran
|-damage|p2a: Heatran|249/273
|-enditem|p2a: Heatran|Air Balloon
|-resisted|p2a: Heatran
|-damage|p2a: Heatran|223/273
|-hitcount|p2a: Heatran|2
|move|p2a: Heatran|Magma Storm|p1a: Tropius
|-supereffective|p1a: Tropius
|-damage|p1a: Tropius|104/328
|-activate|p1a: Tropius|move: Magma Storm|[of] p2a: Heatran
|-enditem|p1a: Tropius|Sitrus Berry|[eat]
|-heal|p1a: Tropius|186/328|[from] item: Sitrus Berry
|
|-damage|p1a: Tropius|145/328|[from] move: Magma Storm|[partiallytrapped]
|upkeep
|turn|4
|
|t:|1772752363
|move|p1a: Tropius|Earthquake|p2a: Heatran
|-supereffective|p2a: Heatran
|-damage|p2a: Heatran|0 fnt
|faint|p2a: Heatran
|
|-end|p1a: Tropius|Magma Storm|[partiallytrapped]|[silent]
|upkeep
|
|t:|1772752369
|switch|p2a: Moltres|Moltres-Galar, L79|271/271
|turn|5
|
|t:|1772752392
|move|p1a: Tropius|Synthesis|p1a: Tropius
|-heal|p1a: Tropius|309/328
|move|p2a: Moltres|Fiery Wrath|p1a: Tropius
|-damage|p1a: Tropius|228/328
|
|upkeep
|turn|6
|
|t:|1772752404
|move|p1a: Tropius|Dragon Dance|p1a: Tropius
|-boost|p1a: Tropius|atk|1
|-boost|p1a: Tropius|spe|1
|move|p2a: Moltres|Nasty Plot|p2a: Moltres
|-boost|p2a: Moltres|spa|2
|
|-item|p1a: Tropius|Sitrus Berry|[from] ability: Harvest
|upkeep
|turn|7
|
|t:|1772752420
|move|p1a: Tropius|Dual Wingbeat|p2a: Moltres
|-damage|p2a: Moltres|195/271
|-damage|p2a: Moltres|119/271
|-hitcount|p2a: Moltres|2
|-ability|p2a: Moltres|Berserk|boost
|-boost|p2a: Moltres|spa|1
|move|p2a: Moltres|Fiery Wrath|p1a: Tropius
|-damage|p1a: Tropius|36/328
|-enditem|p1a: Tropius|Sitrus Berry|[eat]
|-heal|p1a: Tropius|118/328|[from] item: Sitrus Berry
|
|upkeep
|turn|8
|
|t:|1772752434
|move|p1a: Tropius|Dual Wingbeat|p2a: Moltres
|-damage|p2a: Moltres|32/271
|-damage|p2a: Moltres|0 fnt
|faint|p2a: Moltres
|-hitcount|p2: Moltres|2
|
|upkeep
|
|t:|1772752438
|switch|p2a: Ditto|Ditto, L87|225/225
|-transform|p2a: Ditto|p1a: Tropius|[from] ability: Imposter
|turn|9
|
|t:|1772752450
|move|p2a: Ditto|Dual Wingbeat|p1a: Tropius
|-supereffective|p1a: Tropius
|-damage|p1a: Tropius|0 fnt
|faint|p1a: Tropius
|-hitcount|p1: Tropius|1
|
|upkeep
|
|t:|1772752487
|switch|p1a: Floatzel|Floatzel, L86, M|286/286
|turn|10
|
|t:|1772752510
|switch|p2a: Alomomola|Alomomola, L87, F|429/429
|move|p1a: Floatzel|Ice Spinner|p2a: Alomomola
|-resisted|p2a: Alomomola
|-damage|p2a: Alomomola|395/429
|-damage|p1a: Floatzel|239/286|[from] item: Rocky Helmet|[of] p2a: Alomomola
|
|-heal|p1a: Floatzel|256/286|[from] item: Leftovers
|upkeep
|turn|11
|
|t:|1772752525
|move|p1a: Floatzel|Taunt|p2a: Alomomola
|-start|p2a: Alomomola|move: Taunt
|move|p2a: Alomomola|Scald|p1a: Floatzel
|-resisted|p1a: Floatzel
|-damage|p1a: Floatzel|223/286
|
|-heal|p1a: Floatzel|240/286|[from] item: Leftovers
|upkeep
|turn|12
|
|t:|1772752546
|switch|p1a: Arboliva|Arboliva, L91, F|288/288
|move|p2a: Alomomola|Scald|p1a: Arboliva
|-resisted|p1a: Arboliva
|-damage|p1a: Arboliva|270/288
|
|upkeep
|turn|13
|
|t:|1772752564
|switch|p2a: Solgaleo|Solgaleo, L74|325/325
|move|p1a: Arboliva|Substitute|p1a: Arboliva
|-start|p1a: Arboliva|Substitute
|-damage|p1a: Arboliva|198/288
|
|upkeep
|turn|14
|
|t:|1772752617
|move|p2a: Solgaleo|Sunsteel Strike|p1a: Arboliva
|-end|p1a: Arboliva|Substitute
|move|p1a: Arboliva|Leech Seed|p2a: Solgaleo
|-start|p2a: Solgaleo|move: Leech Seed
|
|-damage|p2a: Solgaleo|285/325|[from] Leech Seed|[of] p1a: Arboliva
|-heal|p1a: Arboliva|238/288|[silent]
|upkeep
|turn|15
|inactive|Battle timer is ON: inactive players will automatically lose when time's up. (requested by jgdcol)
|
|t:|1772752630
|move|p1a: Arboliva|Protect|p1a: Arboliva
|-singleturn|p1a: Arboliva|Protect
|move|p2a: Solgaleo|Sunsteel Strike|p1a: Arboliva
|-activate|p1a: Arboliva|move: Protect
|
|-damage|p2a: Solgaleo|245/325|[from] Leech Seed|[of] p1a: Arboliva
|-heal|p1a: Arboliva|278/288|[silent]
|upkeep
|turn|16
|
|t:|1772752652
|switch|p1a: Floatzel|Floatzel, L86, M|240/286
|move|p2a: Solgaleo|Sunsteel Strike|p1a: Floatzel
|-resisted|p1a: Floatzel
|-damage|p1a: Floatzel|168/286
|
|-heal|p1a: Floatzel|185/286|[from] item: Leftovers
|-damage|p2a: Solgaleo|205/325|[from] Leech Seed|[of] p1a: Floatzel
|-heal|p1a: Floatzel|225/286|[silent]
|upkeep
|turn|17
|
|t:|1772752669
|move|p1a: Floatzel|Bulk Up|p1a: Floatzel
|-boost|p1a: Floatzel|atk|1
|-boost|p1a: Floatzel|def|1
|move|p2a: Solgaleo|Morning Sun|p2a: Solgaleo
|-heal|p2a: Solgaleo|325/325
|
|-heal|p1a: Floatzel|242/286|[from] item: Leftovers
|-damage|p2a: Solgaleo|285/325|[from] Leech Seed|[of] p1a: Floatzel
|-heal|p1a: Floatzel|282/286|[silent]
|upkeep
|turn|18
|
|t:|1772752681
|move|p1a: Floatzel|Bulk Up|p1a: Floatzel
|-boost|p1a: Floatzel|atk|1
|-boost|p1a: Floatzel|def|1
|move|p2a: Solgaleo|Morning Sun|p2a: Solgaleo
|-heal|p2a: Solgaleo|325/325
|
|-heal|p1a: Floatzel|286/286|[from] item: Leftovers
|-damage|p2a: Solgaleo|285/325|[from] Leech Seed|[of] p1a: Floatzel
|upkeep
|turn|19
|
|t:|1772752695
|switch|p2a: Ditto|Ditto, L87|225/225
|-transform|p2a: Ditto|p1a: Floatzel|[from] ability: Imposter
|move|p1a: Floatzel|Bulk Up|p1a: Floatzel
|-boost|p1a: Floatzel|atk|1
|-boost|p1a: Floatzel|def|1
|
|upkeep
|turn|20
|
|t:|1772752710
|move|p2a: Ditto|Taunt|p1a: Floatzel
|-start|p1a: Floatzel|move: Taunt
|move|p1a: Floatzel|Ice Spinner|p2a: Ditto
|-resisted|p2a: Ditto
|-damage|p2a: Ditto|169/225
|
|upkeep
|turn|21
|
|t:|1772752727
|switch|p2a: Alomomola|Alomomola, L87, F|429/429
|move|p1a: Floatzel|Ice Spinner|p2a: Alomomola
|-resisted|p2a: Alomomola
|-damage|p2a: Alomomola|345/429
|-damage|p1a: Floatzel|239/286|[from] item: Rocky Helmet|[of] p2a: Alomomola
|
|-heal|p1a: Floatzel|256/286|[from] item: Leftovers
|upkeep
|turn|22
|
|t:|1772752745
|move|p1a: Floatzel|Ice Spinner|p2a: Alomomola
|-resisted|p2a: Alomomola
|-damage|p2a: Alomomola|263/429
|-damage|p1a: Floatzel|209/286|[from] item: Rocky Helmet|[of] p2a: Alomomola
|move|p2a: Alomomola|Scald|p1a: Floatzel
|-resisted|p1a: Floatzel
|-damage|p1a: Floatzel|170/286
|
|-heal|p1a: Floatzel|187/286|[from] item: Leftovers
|-end|p1a: Floatzel|move: Taunt
|upkeep
|turn|23
|
|t:|1772752757
|move|p2a: Alomomola|Protect|p2a: Alomomola
|-singleturn|p2a: Alomomola|Protect
|move|p1a: Floatzel|Bulk Up|p1a: Floatzel
|-boost|p1a: Floatzel|atk|1
|-boost|p1a: Floatzel|def|1
|
|-heal|p1a: Floatzel|204/286|[from] item: Leftovers
|upkeep
|turn|24
|
|t:|1772752764
|move|p1a: Floatzel|Bulk Up|p1a: Floatzel
|-boost|p1a: Floatzel|atk|1
|-boost|p1a: Floatzel|def|1
|move|p2a: Alomomola|Scald|p1a: Floatzel
|-resisted|p1a: Floatzel
|-damage|p1a: Floatzel|168/286
|
|-heal|p1a: Floatzel|185/286|[from] item: Leftovers
|upkeep
|turn|25
|
|t:|1772752776
|move|p2a: Alomomola|Protect|p2a: Alomomola
|-singleturn|p2a: Alomomola|Protect
|move|p1a: Floatzel|Bulk Up|p1a: Floatzel
|-boost|p1a: Floatzel|atk|1
|-boost|p1a: Floatzel|def|1
|
|-heal|p1a: Floatzel|202/286|[from] item: Leftovers
|upkeep
|turn|26
|
|t:|1772752785
|switch|p2a: Ditto|Ditto, L87|169/225
|-transform|p2a: Ditto|p1a: Floatzel|[from] ability: Imposter
|move|p1a: Floatzel|Ice Spinner|p2a: Ditto
|-resisted|p2a: Ditto
|-damage|p2a: Ditto|122/225
|
|-heal|p1a: Floatzel|219/286|[from] item: Leftovers
|upkeep
|turn|27
|
|t:|1772752809
|move|p2a: Ditto|Ice Spinner|p1a: Floatzel
|-resisted|p1a: Floatzel
|-damage|p1a: Floatzel|177/286
|move|p1a: Floatzel|Wave Crash|p2a: Ditto
|-resisted|p2a: Ditto
|-damage|p2a: Ditto|29/225
|-damage|p1a: Floatzel|146/286|[from] Recoil
|
|-heal|p1a: Floatzel|163/286|[from] item: Leftovers
|upkeep
|turn|28
|inactive|dfsfsdfdsfsdfdsf has 120 seconds left.
|
|t:|1772752826
|switch|p2a: Alomomola|Alomomola, L87, F|406/429
|move|p1a: Floatzel|Ice Spinner|p2a: Alomomola
|-resisted|p2a: Alomomola
|-damage|p2a: Alomomola|265/429
|-damage|p1a: Floatzel|116/286|[from] item: Rocky Helmet|[of] p2a: Alomomola
|
|-heal|p1a: Floatzel|133/286|[from] item: Leftovers
|upkeep
|turn|29
|inactive|dfsfsdfdsfsdfdsf has 120 seconds left.
|
|t:|1772752836
|move|p1a: Floatzel|Taunt|p2a: Alomomola
|-start|p2a: Alomomola|move: Taunt
|cant|p2a: Alomomola|move: Taunt|Wish
|
|-heal|p1a: Floatzel|150/286|[from] item: Leftovers
|upkeep
|turn|30
|
|t:|1772752844
|move|p1a: Floatzel|Ice Spinner|p2a: Alomomola
|-resisted|p2a: Alomomola
|-damage|p2a: Alomomola|141/429
|-damage|p1a: Floatzel|103/286|[from] item: Rocky Helmet|[of] p2a: Alomomola
|move|p2a: Alomomola|Flip Turn|p1a: Floatzel
|-resisted|p1a: Floatzel
|-damage|p1a: Floatzel|94/286
|
|t:|1772752859
|switch|p2a: Solgaleo|Solgaleo, L74|285/325|[from] Flip Turn
|
|-heal|p1a: Floatzel|111/286|[from] item: Leftovers
|upkeep
|turn|31
|
|t:|1772752870
|move|p1a: Floatzel|Wave Crash|p2a: Solgaleo
|-damage|p2a: Solgaleo|0 fnt
|-damage|p1a: Floatzel|64/286|[from] item: Rocky Helmet|[of] p2a: Solgaleo
|faint|p2a: Solgaleo
|-damage|p1a: Floatzel|0 fnt|[from] Recoil
|faint|p1a: Floatzel
|
|upkeep
|
|t:|1772752883
|switch|p1a: Arboliva|Arboliva, L91, F|278/288
|switch|p2a: Alomomola|Alomomola, L87, F|284/429
|turn|32
|
|t:|1772752893
|move|p2a: Alomomola|Flip Turn|p1a: Arboliva
|-resisted|p1a: Arboliva
|-damage|p1a: Arboliva|254/288
|
|t:|1772752895
|switch|p2a: Salamence|Salamence, L77, M|273/273|[from] Flip Turn
|-ability|p2a: Salamence|Intimidate|boost
|-unboost|p1a: Arboliva|atk|1
|move|p1a: Arboliva|Leech Seed|p2a: Salamence
|-start|p2a: Salamence|move: Leech Seed
|
|-damage|p2a: Salamence|239/273|[from] Leech Seed|[of] p1a: Arboliva
|-heal|p1a: Arboliva|288/288|[silent]
|upkeep
|turn|33
|inactive|dfsfsdfdsfsdfdsf has 120 seconds left.
|
|t:|1772752923
|-terastallize|p1a: Arboliva|Poison
|move|p2a: Salamence|Dual Wingbeat|p1a: Arboliva
|-damage|p1a: Arboliva|245/288
|-damage|p1a: Arboliva|205/288
|-hitcount|p1a: Arboliva|2
|move|p1a: Arboliva|Substitute|p1a: Arboliva
|-start|p1a: Arboliva|Substitute
|-damage|p1a: Arboliva|133/288
|-enditem|p1a: Arboliva|Sitrus Berry|[eat]
|-heal|p1a: Arboliva|205/288|[from] item: Sitrus Berry
|
|-damage|p2a: Salamence|205/273|[from] Leech Seed|[of] p1a: Arboliva
|-heal|p1a: Arboliva|239/288|[silent]
|upkeep
|turn|34
|inactive|dfsfsdfdsfsdfdsf has 120 seconds left.
|
|t:|1772752937
|move|p2a: Salamence|Dual Wingbeat|p1a: Arboliva
|-activate|p1a: Arboliva|move: Substitute|[damage]
|-end|p1a: Arboliva|Substitute
|-hitcount|p1a: Arboliva|2
|move|p1a: Arboliva|Hyper Voice|p2a: Salamence
|-damage|p2a: Salamence|52/273
|
|-damage|p2a: Salamence|18/273|[from] Leech Seed|[of] p1a: Arboliva
|-heal|p1a: Arboliva|273/288|[silent]
|-item|p1a: Arboliva|Sitrus Berry|[from] ability: Harvest
|upkeep
|turn|35
|inactive|dfsfsdfdsfsdfdsf has 120 seconds left.
|
|t:|1772752948
|-terastallize|p2a: Salamence|Steel
|move|p2a: Salamence|Roost|p2a: Salamence
|-heal|p2a: Salamence|155/273
|move|p1a: Arboliva|Substitute|p1a: Arboliva
|-start|p1a: Arboliva|Substitute
|-damage|p1a: Arboliva|201/288
|
|-damage|p2a: Salamence|121/273|[from] Leech Seed|[of] p1a: Arboliva
|-heal|p1a: Arboliva|235/288|[silent]
|upkeep
|turn|36
|inactive|dfsfsdfdsfsdfdsf has 120 seconds left.
|
|t:|1772752960
|move|p2a: Salamence|Roost|p2a: Salamence
|-heal|p2a: Salamence|258/273
|move|p1a: Arboliva|Hyper Voice|p2a: Salamence
|-resisted|p2a: Salamence
|-damage|p2a: Salamence|180/273
|
|-damage|p2a: Salamence|146/273|[from] Leech Seed|[of] p1a: Arboliva
|-heal|p1a: Arboliva|269/288|[silent]
|upkeep
|turn|37
|
|t:|1772752968
|switch|p2a: Ditto|Ditto, L87|29/225
|move|p1a: Arboliva|Hyper Voice|p2a: Ditto
|-damage|p2a: Ditto|0 fnt
|faint|p2a: Ditto
|
|upkeep
|
|t:|1772752975
|switch|p2a: Salamence|Salamence, L77, M, tera:Steel|146/273
|-ability|p2a: Salamence|Intimidate|boost
|-immune|p1a: Arboliva
|turn|38
|
|t:|1772752979
|move|p2a: Salamence|Dual Wingbeat|p1a: Arboliva
|-activate|p1a: Arboliva|move: Substitute|[damage]
|-crit|p1a: Arboliva
|-end|p1a: Arboliva|Substitute
|-hitcount|p1a: Arboliva|2
|move|p1a: Arboliva|Leech Seed|p2a: Salamence
|-start|p2a: Salamence|move: Leech Seed
|
|-damage|p2a: Salamence|112/273|[from] Leech Seed|[of] p1a: Arboliva
|-heal|p1a: Arboliva|288/288|[silent]
|upkeep
|turn|39
|
|t:|1772752990
|move|p2a: Salamence|Roost|p2a: Salamence
|-heal|p2a: Salamence|249/273
|move|p1a: Arboliva|Substitute|p1a: Arboliva
|-start|p1a: Arboliva|Substitute
|-damage|p1a: Arboliva|216/288
|
|-damage|p2a: Salamence|215/273|[from] Leech Seed|[of] p1a: Arboliva
|-heal|p1a: Arboliva|250/288|[silent]
|upkeep
|turn|40
|
|t:|1772752999
|move|p2a: Salamence|Dual Wingbeat|p1a: Arboliva
|-activate|p1a: Arboliva|move: Substitute|[damage]
|-end|p1a: Arboliva|Substitute
|-hitcount|p1a: Arboliva|2
|move|p1a: Arboliva|Hyper Voice|p2a: Salamence
|-resisted|p2a: Salamence
|-damage|p2a: Salamence|134/273
|
|-damage|p2a: Salamence|100/273|[from] Leech Seed|[of] p1a: Arboliva
|-heal|p1a: Arboliva|284/288|[silent]
|upkeep
|turn|41
|
|t:|1772753009
|move|p2a: Salamence|Dual Wingbeat|p1a: Arboliva
|-damage|p1a: Arboliva|244/288
|-damage|p1a: Arboliva|202/288
|-hitcount|p1a: Arboliva|2
|move|p1a: Arboliva|Hyper Voice|p2a: Salamence
|-resisted|p2a: Salamence
|-damage|p2a: Salamence|16/273
|
|-damage|p2a: Salamence|0 fnt|[from] Leech Seed|[of] p1a: Arboliva
|-heal|p1a: Arboliva|218/288|[silent]
|faint|p2a: Salamence
|upkeep
|
|t:|1772753013
|switch|p2a: Alomomola|Alomomola, L87, F|427/429
|turn|42
|
|t:|1772753021
|move|p2a: Alomomola|Scald|p1a: Arboliva
|-damage|p1a: Arboliva|179/288
|-status|p1a: Arboliva|brn
|move|p1a: Arboliva|Leech Seed|p2a: Alomomola
|-start|p2a: Alomomola|move: Leech Seed
|
|-damage|p2a: Alomomola|374/429|[from] Leech Seed|[of] p1a: Arboliva
|-heal|p1a: Arboliva|232/288 brn|[silent]
|-damage|p1a: Arboliva|214/288 brn|[from] brn
|upkeep
|turn|43
|
|t:|1772753030
|move|p2a: Alomomola|Wish|p2a: Alomomola
|move|p1a: Arboliva|Hyper Voice|p2a: Alomomola
|-damage|p2a: Alomomola|178/429
|
|-damage|p2a: Alomomola|125/429|[from] Leech Seed|[of] p1a: Arboliva
|-heal|p1a: Arboliva|267/288 brn|[silent]
|-damage|p1a: Arboliva|249/288 brn|[from] brn
|upkeep
|turn|44
|
|t:|1772753037
|move|p2a: Alomomola|Scald|p1a: Arboliva
|-damage|p1a: Arboliva|213/288 brn
|move|p1a: Arboliva|Hyper Voice|p2a: Alomomola
|-damage|p2a: Alomomola|0 fnt
|faint|p2a: Alomomola
|
|win|dfsfsdfdsfsdfdsf
|raw|dfsfsdfdsfsdfdsf's rating: 1040 &rarr; <strong>1074</strong><br />(+34 for winning)
|raw|jgdcol's rating: 1040 &rarr; <strong>1024</strong><br />(-16 for losing)
|l|☆jgdcol
|player|p2|
