|j|☆jakkkkib
|j|‽qiuescent
|t:|1772746003
|gametype|singles
|player|p1|jakkkkib|steven|2200
|player|p2|qiuescent|266|2245
|gen|9
|tier|[Gen 9] Random Battle
|rated|
|rule|Species Clause: Limit one of each Pokémon
|rule|HP Percentage Mod: HP is shown in percentages
|rule|Sleep Clause Mod: Limit one foe put to sleep
|rule|Illusion Level Mod: Illusion disguises the Pokémon's true level
|
|t:|1772746003
|teamsize|p1|6
|teamsize|p2|6
|start
|switch|p1a: Raikou|Raikou, L81|278/278
|switch|p2a: Emboar|Emboar, L84, F|322/322
|-ability|p1a: Raikou|Pressure
|turn|1
|inactive|Battle timer is ON: inactive players will automatically lose when time's up. (requested by jakkkkib)
|
|t:|1772746010
|switch|p1a: Latias|Latias, L79, F|256/256
|move|p2a: Emboar|Flare Blitz|p1a: Latias
|-resisted|p1a: Latias
|-damage|p1a: Latias|166/256
|-damage|p2a: Emboar|292/322|[from] Recoil
|
|-heal|p2a: Emboar|312/322|[from] item: Leftovers
|upkeep
|turn|2
|
|t:|1772746018
|switch|p2a: Dedenne|Dedenne, L88, F|261/261
|move|p1a: Latias|Recover|p1a: Latias
|-heal|p1a: Latias|256/256
|
|upkeep
|turn|3
|
|t:|1772746022
|switch|p1a: Whiscash|Whiscash, L88, M|337/337
|move|p2a: Dedenne|U-turn|p1a: Whiscash
|-damage|p1a: Whiscash|293/337
|
|t:|1772746037
|switch|p2a: Flareon|Flareon, L90, F|263/263|[from] U-turn
|
|-status|p2a: Flareon|tox|[from] item: Toxic Orb
|upkeep
|turn|4
|
|t:|1772746050
|switch|p1a: Probopass|Probopass, L91, M|257/257
|move|p2a: Flareon|Trailblaze|p1a: Probopass
|-damage|p1a: Probopass|207/257
|-boost|p2a: Flareon|spe|1
|
|-damage|p2a: Flareon|247/263 tox|[from] psn
|upkeep
|turn|5
|
|t:|1772746055
|move|p2a: Flareon|Flare Blitz|p1a: Probopass
|-damage|p1a: Probopass|32/257
|-damage|p2a: Flareon|189/263 tox|[from] Recoil
|move|p1a: Probopass|Body Press|p2a: Flareon
|-damage|p2a: Flareon|78/263 tox
|
|-damage|p2a: Flareon|46/263 tox|[from] psn
|upkeep
|turn|6
|
|t:|1772746064
|move|p2a: Flareon|Facade|p1a: Probopass
|-resisted|p1a: Probopass
|-damage|p1a: Probopass|0 fnt
|faint|p1a: Probopass
|
|-damage|p2a: Flareon|0 fnt|[from] psn
|faint|p2a: Flareon
|upkeep
|
|t:|1772746072
|switch|p2a: Mamoswine|Mamoswine, L81, F|311/311
|switch|p1a: Raikou|Raikou, L81|278/278
|-ability|p1a: Raikou|Pressure
|turn|7
|
|t:|1772746085
|-terastallize|p1a: Raikou|Water
|move|p1a: Raikou|Scald|p2a: Mamoswine
|-supereffective|p2a: Mamoswine
|-damage|p2a: Mamoswine|57/311
|move|p2a: Mamoswine|Earthquake|p1a: Raikou
|-damage|p1a: Raikou|83/278
|-damage|p2a: Mamoswine|26/311|[from] item: Life Orb
|
|-heal|p1a: Raikou|100/278|[from] item: Leftovers
|upkeep
|turn|8
|
|t:|1772746093
|move|p2a: Mamoswine|Ice Shard|p1a: Raikou
|-resisted|p1a: Raikou
|-damage|p1a: Raikou|58/278
|-damage|p2a: Mamoswine|0 fnt|[from] item: Life Orb
|faint|p2a: Mamoswine
|move|p1a: Raikou|Scald|p2: Mamoswine|[notarget]
|-fail|p1a: Raikou
|
|-heal|p1a: Raikou|75/278|[from] item: Leftovers
|upkeep
|
|t:|1772746097
|switch|p2a: Dedenne|Dedenne, L88, F|261/261
|turn|9
|
|t:|1772746102
|switch|p1a: Whiscash|Whiscash, L88, M|293/337
|move|p2a: Dedenne|Dazzling Gleam|p1a: Whiscash
|-damage|p1a: Whiscash|208/337
|
|upkeep
|turn|10
|
|t:|1772746107
|move|p2a: Dedenne|U-turn|p1a: Whiscash
|-damage|p1a: Whiscash|165/337
|
|t:|1772746110
|switch|p2a: Tatsugiri|Tatsugiri, L87, F|260/260|[from] U-turn
|move|p1a: Whiscash|Dragon Dance|p1a: Whiscash
|-boost|p1a: Whiscash|atk|1
|-boost|p1a: Whiscash|spe|1
|
|upkeep
|turn|11
|
|t:|1772746114
|move|p1a: Whiscash|Earthquake|p2a: Tatsugiri
|-damage|p2a: Tatsugiri|14/260
|-damage|p1a: Whiscash|132/337|[from] item: Life Orb
|move|p2a: Tatsugiri|Rapid Spin|p1a: Whiscash
|-damage|p1a: Whiscash|107/337
|-boost|p2a: Tatsugiri|spe|1
|
|upkeep
|turn|12
|
|t:|1772746126
|move|p2a: Tatsugiri|Draco Meteor|p1a: Whiscash|[miss]
|-miss|p2a: Tatsugiri|p1a: Whiscash
|move|p1a: Whiscash|Dragon Dance|p1a: Whiscash
|-boost|p1a: Whiscash|atk|1
|-boost|p1a: Whiscash|spe|1
|
|upkeep
|turn|13
|
|t:|1772746133
|move|p1a: Whiscash|Earthquake|p2a: Tatsugiri
|-damage|p2a: Tatsugiri|0 fnt
|faint|p2a: Tatsugiri
|-damage|p1a: Whiscash|74/337|[from] item: Life Orb
|
|upkeep
|
|t:|1772746161
|switch|p2a: Emboar|Emboar, L84, F|312/322
|turn|14
|
|t:|1772746165
|-terastallize|p2a: Emboar|Fighting
|move|p1a: Whiscash|Liquidation|p2a: Emboar
|-damage|p2a: Emboar|31/322
|-damage|p1a: Whiscash|41/337|[from] item: Life Orb
|move|p2a: Emboar|Trailblaze|p1a: Whiscash
|-supereffective|p1a: Whiscash
|-damage|p1a: Whiscash|0 fnt
|-boost|p2a: Emboar|spe|1
|faint|p1a: Whiscash
|
|-heal|p2a: Emboar|51/322|[from] item: Leftovers
|upkeep
|
|t:|1772746173
|switch|p1a: Latias|Latias, L79, F|256/256
|turn|15
|
|t:|1772746178
|move|p2a: Emboar|Flare Blitz|p1a: Latias
|-resisted|p1a: Latias
|-damage|p1a: Latias|166/256
|-damage|p2a: Emboar|21/322|[from] Recoil
|move|p1a: Latias|Psyshock|p2a: Emboar
|-supereffective|p2a: Emboar
|-damage|p2a: Emboar|0 fnt
|faint|p2a: Emboar
|
|upkeep
|
|t:|1772746179
|switch|p2a: Dedenne|Dedenne, L88, F|261/261
|turn|16
|
|t:|1772746187
|switch|p1a: Gengar|Gengar, L81, M|230/230
|move|p2a: Dedenne|Dazzling Gleam|p1a: Gengar
|-resisted|p1a: Gengar
|-damage|p1a: Gengar|180/230
|-start|p2a: Dedenne|Disable|Dazzling Gleam|[from] ability: Cursed Body|[of] p1a: Gengar
|
|upkeep
|turn|17
|
|t:|1772746191
|switch|p1a: Latias|Latias, L79, F|166/256
|move|p2a: Dedenne|Nuzzle|p1a: Latias
|-resisted|p1a: Latias
|-damage|p1a: Latias|158/256
|-status|p1a: Latias|par
|
|upkeep
|turn|18
|
|t:|1772746194
|move|p2a: Dedenne|Thunderbolt|p1a: Latias
|-resisted|p1a: Latias
|-damage|p1a: Latias|121/256 par
|move|p1a: Latias|Recover|p1a: Latias
|-heal|p1a: Latias|249/256 par
|
|upkeep
|turn|19
|
|t:|1772746199
|move|p2a: Dedenne|Thunderbolt|p1a: Latias
|-resisted|p1a: Latias
|-damage|p1a: Latias|210/256 par
|move|p1a: Latias|Calm Mind|p1a: Latias
|-boost|p1a: Latias|spa|1
|-boost|p1a: Latias|spd|1
|
|-end|p2a: Dedenne|Disable
|upkeep
|turn|20
|
|t:|1772746203
|move|p2a: Dedenne|Dazzling Gleam|p1a: Latias
|-supereffective|p1a: Latias
|-damage|p1a: Latias|118/256 par
|cant|p1a: Latias|par
|
|upkeep
|turn|21
|
|t:|1772746207
|move|p2a: Dedenne|Dazzling Gleam|p1a: Latias
|-supereffective|p1a: Latias
|-damage|p1a: Latias|38/256 par
|move|p1a: Latias|Recover|p1a: Latias
|-heal|p1a: Latias|166/256 par
|
|upkeep
|turn|22
|
|t:|1772746209
|move|p2a: Dedenne|Dazzling Gleam|p1a: Latias
|-supereffective|p1a: Latias
|-damage|p1a: Latias|74/256 par
|move|p1a: Latias|Recover|p1a: Latias
|-heal|p1a: Latias|202/256 par
|
|upkeep
|turn|23
|
|t:|1772746212
|switch|p1a: Gengar|Gengar, L81, M|180/230
|move|p2a: Dedenne|Dazzling Gleam|p1a: Gengar
|-resisted|p1a: Gengar
|-damage|p1a: Gengar|128/230
|
|upkeep
|turn|24
|
|t:|1772746216
|move|p2a: Dedenne|Nuzzle|p1a: Gengar
|-damage|p1a: Gengar|104/230
|-status|p1a: Gengar|par
|move|p1a: Gengar|Sludge Wave|p2a: Dedenne
|-supereffective|p2a: Dedenne
|-damage|p2a: Dedenne|0 fnt
|faint|p2a: Dedenne
|-damage|p1a: Gengar|81/230 par|[from] item: Life Orb
|
|upkeep
|
|t:|1772746218
|switch|p2a: Kingdra|Kingdra, L84, F|263/263
|turn|25
|
|t:|1772746227
|move|p2a: Kingdra|Dragon Dance|p2a: Kingdra
|-boost|p2a: Kingdra|atk|1
|-boost|p2a: Kingdra|spe|1
|cant|p1a: Gengar|par
|
|upkeep
|turn|26
|
|t:|1772746230
|move|p2a: Kingdra|Waterfall|p1a: Gengar
|-damage|p1a: Gengar|0 fnt
|faint|p1a: Gengar
|
|upkeep
|c|☆jakkkkib|sweet
|c|☆jakkkkib|encored
|
|t:|1772746239
|switch|p1a: Flamigo|Flamigo, L82, M|269/269
|turn|27
|
|t:|1772746247
|move|p2a: Kingdra|Outrage|p1a: Flamigo
|-damage|p1a: Flamigo|46/269
|move|p1a: Flamigo|Close Combat|p2a: Kingdra
|-damage|p2a: Kingdra|73/263
|-unboost|p1a: Flamigo|def|1
|-unboost|p1a: Flamigo|spd|1
|
|upkeep
|turn|28
|
|t:|1772746253
|move|p2a: Kingdra|Outrage|p1a: Flamigo|[from] lockedmove
|-damage|p1a: Flamigo|0 fnt
|faint|p1a: Flamigo
|-start|p2a: Kingdra|confusion|[fatigue]
|-enditem|p2a: Kingdra|Lum Berry|[eat]
|-end|p2a: Kingdra|confusion
|
|upkeep
|
|t:|1772746258
|switch|p1a: Latias|Latias, L79, F|202/256 par
|turn|29
|
|t:|1772746260
|move|p2a: Kingdra|Outrage|p1a: Latias
|-supereffective|p1a: Latias
|-damage|p1a: Latias|0 fnt
|faint|p1a: Latias
|
|upkeep
|
|t:|1772746263
|switch|p1a: Raikou|Raikou, L81, tera:Water|75/278
|-ability|p1a: Raikou|Pressure
|turn|30
|
|t:|1772746264
|move|p2a: Kingdra|Outrage|p1a: Raikou|[from] lockedmove
|-damage|p1a: Raikou|0 fnt
|faint|p1a: Raikou
|
|win|qiuescent
|raw|jakkkkib's rating: 2200 &rarr; <strong>2183</strong><br />(-17 for losing)
|raw|qiuescent's rating: 2245 &rarr; <strong>2262</strong><br />(+17 for winning)
|l|☆jakkkkib
|player|p1|
