|j|☆OJ's Glove
|j|☆Mugen Kage
|t:|1776985436
|gametype|singles
|player|p1|OJ's Glove|linebacker|1834
|player|p2|Mugen Kage|hilbert|1842
|gen|9
|tier|[Gen 9] Random Battle
|rated|
|rule|Species Clause: Limit one of each Pokémon
|rule|HP Percentage Mod: HP is shown in percentages
|rule|Sleep Clause Mod: Limit one foe put to sleep
|rule|Illusion Level Mod: Illusion disguises the Pokémon's true level
|
|t:|1776985436
|teamsize|p1|6
|teamsize|p2|6
|start
|switch|p1a: Cryogonal|Cryogonal, L89|287/287
|switch|p2a: Chimecho|Chimecho, L93, F|290/290
|turn|1
|inactive|Battle timer is ON: inactive players will automatically lose when time's up. (requested by OJ's Glove)
|
|t:|1776985452
|switch|p1a: Skeledirge|Skeledirge, L79, F|294/294
|move|p2a: Chimecho|Cosmic Power|p2a: Chimecho
|-boost|p2a: Chimecho|def|1
|-boost|p2a: Chimecho|spd|1
|
|upkeep
|turn|2
|
|t:|1776985466
|switch|p2a: Suicune|Suicune, L82|298/298
|-ability|p2a: Suicune|Pressure
|move|p1a: Skeledirge|Torch Song|p2a: Suicune
|-resisted|p2a: Suicune
|-damage|p2a: Suicune|261/298
|-boost|p1a: Skeledirge|spa|1
|
|-heal|p2a: Suicune|279/298|[from] item: Leftovers
|upkeep
|turn|3
|
|t:|1776985493
|switch|p1a: Lumineon|Lumineon, L93, M|279/279
|move|p2a: Suicune|Calm Mind|p2a: Suicune
|-boost|p2a: Suicune|spa|1
|-boost|p2a: Suicune|spd|1
|
|-heal|p2a: Suicune|297/298|[from] item: Leftovers
|upkeep
|turn|4
|
|t:|1776985508
|switch|p2a: Araquanid|Araquanid, L82, M|246/246
|move|p1a: Lumineon|Encore||[still]
|-fail|p1a: Lumineon
|
|upkeep
|turn|5
|
|t:|1776985520
|switch|p1a: Cryogonal|Cryogonal, L89|287/287
|move|p2a: Araquanid|Sticky Web|p1a: Cryogonal
|-sidestart|p1: OJ's Glove|move: Sticky Web
|
|upkeep
|turn|6
|
|t:|1776985530
|move|p1a: Cryogonal|Rapid Spin|p2a: Araquanid
|-damage|p2a: Araquanid|219/246
|-boost|p1a: Cryogonal|spe|1
|-sideend|p1: OJ's Glove|Sticky Web|[from] move: Rapid Spin|[of] p1a: Cryogonal
|move|p2a: Araquanid|Liquidation|p1a: Cryogonal
|-damage|p1a: Cryogonal|104/287
|-unboost|p1a: Cryogonal|def|1
|
|upkeep
|turn|7
|
|t:|1776985533
|move|p1a: Cryogonal|Freeze-Dry|p2a: Araquanid
|-supereffective|p2a: Araquanid
|-damage|p2a: Araquanid|97/246
|move|p2a: Araquanid|Liquidation|p1a: Cryogonal
|-damage|p1a: Cryogonal|0 fnt
|faint|p1a: Cryogonal
|
|upkeep
|
|t:|1776985543
|switch|p1a: Hydreigon|Hydreigon, L79, F|275/275
|turn|8
|
|t:|1776985569
|move|p1a: Hydreigon|Draco Meteor|p2a: Araquanid
|-damage|p2a: Araquanid|0 fnt
|-unboost|p1a: Hydreigon|spa|2
|faint|p2a: Araquanid
|-damage|p1a: Hydreigon|248/275|[from] item: Life Orb
|
|upkeep
|
|t:|1776985576
|switch|p2a: Spectrier|Spectrier, L75|274/274
|turn|9
|
|t:|1776985603
|move|p2a: Spectrier|Substitute|p2a: Spectrier
|-start|p2a: Spectrier|Substitute
|-damage|p2a: Spectrier|206/274
|move|p1a: Hydreigon|Dark Pulse|p2a: Spectrier
|-supereffective|p2a: Spectrier
|-end|p2a: Spectrier|Substitute
|-damage|p1a: Hydreigon|221/275|[from] item: Life Orb
|
|-heal|p2a: Spectrier|223/274|[from] item: Leftovers
|upkeep
|turn|10
|
|t:|1776985623
|-terastallize|p2a: Spectrier|Fairy
|move|p2a: Spectrier|Substitute|p2a: Spectrier
|-start|p2a: Spectrier|Substitute
|-damage|p2a: Spectrier|155/274
|move|p1a: Hydreigon|Dark Pulse|p2a: Spectrier
|-resisted|p2a: Spectrier
|-activate|p2a: Spectrier|move: Substitute|[damage]
|-damage|p1a: Hydreigon|194/275|[from] item: Life Orb
|
|-heal|p2a: Spectrier|172/274|[from] item: Leftovers
|upkeep
|turn|11
|
|t:|1776985626
|move|p2a: Spectrier|Nasty Plot|p2a: Spectrier
|-boost|p2a: Spectrier|spa|2
|move|p1a: Hydreigon|Fire Blast|p2a: Spectrier
|-end|p2a: Spectrier|Substitute
|-damage|p1a: Hydreigon|167/275|[from] item: Life Orb
|
|-heal|p2a: Spectrier|189/274|[from] item: Leftovers
|upkeep
|turn|12
|
|t:|1776985629
|move|p2a: Spectrier|Substitute|p2a: Spectrier
|-start|p2a: Spectrier|Substitute
|-damage|p2a: Spectrier|121/274
|move|p1a: Hydreigon|Fire Blast|p2a: Spectrier|[miss]
|-miss|p1a: Hydreigon|p2a: Spectrier
|
|-heal|p2a: Spectrier|138/274|[from] item: Leftovers
|upkeep
|turn|13
|
|t:|1776985631
|move|p2a: Spectrier|Draining Kiss|p1a: Hydreigon
|-supereffective|p1a: Hydreigon
|-crit|p1a: Hydreigon
|-damage|p1a: Hydreigon|0 fnt
|-heal|p2a: Spectrier|263/274|[from] drain|[of] p1a: Hydreigon
|faint|p1a: Hydreigon
|-ability|p2a: Spectrier|Grim Neigh|boost
|-boost|p2a: Spectrier|spa|1
|
|-heal|p2a: Spectrier|274/274|[from] item: Leftovers
|upkeep
|
|t:|1776985633
|switch|p1a: Skeledirge|Skeledirge, L79, F|294/294
|turn|14
|
|t:|1776985636
|-terastallize|p1a: Skeledirge|Fairy
|move|p2a: Spectrier|Shadow Ball|p1a: Skeledirge
|-damage|p1a: Skeledirge|185/294
|-unboost|p1a: Skeledirge|spd|1
|move|p1a: Skeledirge|Torch Song|p2a: Spectrier
|-damage|p2a: Spectrier|171/274
|-boost|p1a: Skeledirge|spa|1
|
|-heal|p2a: Spectrier|188/274|[from] item: Leftovers
|upkeep
|turn|15
|
|t:|1776985641
|move|p2a: Spectrier|Shadow Ball|p1a: Skeledirge
|-damage|p1a: Skeledirge|10/294
|move|p1a: Skeledirge|Slack Off|p1a: Skeledirge
|-heal|p1a: Skeledirge|157/294
|
|-heal|p2a: Spectrier|205/274|[from] item: Leftovers
|upkeep
|turn|16
|
|t:|1776985645
|switch|p1a: Lumineon|Lumineon, L93, M|279/279
|move|p2a: Spectrier|Shadow Ball|p1a: Lumineon
|-damage|p1a: Lumineon|66/279
|-unboost|p1a: Lumineon|spd|1
|
|-heal|p2a: Spectrier|222/274|[from] item: Leftovers
|upkeep
|turn|17
|
|t:|1776985651
|move|p2a: Spectrier|Draining Kiss|p1a: Lumineon
|-damage|p1a: Lumineon|0 fnt
|-heal|p2a: Spectrier|272/274|[from] drain|[of] p1a: Lumineon
|faint|p1a: Lumineon
|-ability|p2a: Spectrier|Grim Neigh|boost
|-boost|p2a: Spectrier|spa|1
|
|-heal|p2a: Spectrier|274/274|[from] item: Leftovers
|upkeep
|
|t:|1776985653
|switch|p1a: Skeledirge|Skeledirge, L79, F, tera:Fairy|157/294
|turn|18
|
|t:|1776985665
|move|p2a: Spectrier|Nasty Plot|p2a: Spectrier
|-boost|p2a: Spectrier|spa|2
|move|p1a: Skeledirge|Slack Off|p1a: Skeledirge
|-heal|p1a: Skeledirge|294/294
|
|upkeep
|turn|19
|
|t:|1776985667
|move|p2a: Spectrier|Shadow Ball|p1a: Skeledirge
|-damage|p1a: Skeledirge|174/294
|move|p1a: Skeledirge|Flame Charge|p2a: Spectrier
|-activate|p2a: Spectrier|move: Substitute|[damage]
|-boost|p1a: Skeledirge|spe|1
|
|upkeep
|turn|20
|
|t:|1776985678
|move|p2a: Spectrier|Shadow Ball|p1a: Skeledirge
|-damage|p1a: Skeledirge|60/294
|move|p1a: Skeledirge|Flame Charge|p2a: Spectrier
|-end|p2a: Spectrier|Substitute
|-boost|p1a: Skeledirge|spe|1
|
|upkeep
|turn|21
|
|t:|1776985681
|move|p1a: Skeledirge|Slack Off|p1a: Skeledirge
|-heal|p1a: Skeledirge|207/294
|move|p2a: Spectrier|Shadow Ball|p1a: Skeledirge
|-damage|p1a: Skeledirge|95/294
|-unboost|p1a: Skeledirge|spd|1
|
|upkeep
|turn|22
|
|t:|1776985691
|move|p1a: Skeledirge|Slack Off|p1a: Skeledirge
|-heal|p1a: Skeledirge|242/294
|move|p2a: Spectrier|Shadow Ball|p1a: Skeledirge
|-damage|p1a: Skeledirge|59/294
|
|upkeep
|turn|23
|
|t:|1776985700
|move|p1a: Skeledirge|Torch Song|p2a: Spectrier
|-damage|p2a: Spectrier|177/274
|-boost|p1a: Skeledirge|spa|1
|move|p2a: Spectrier|Shadow Ball|p1a: Skeledirge
|-damage|p1a: Skeledirge|0 fnt
|faint|p1a: Skeledirge
|
|-heal|p2a: Spectrier|194/274|[from] item: Leftovers
|upkeep
|
|t:|1776985704
|switch|p1a: Palafin|Palafin, L77, F|281/281
|turn|24
|-message|OJ's Glove forfeited.
|
|win|Mugen Kage
|raw|OJ&apos;s Glove's rating: 1834 &rarr; <strong>1814</strong><br />(-20 for losing)
|raw|Mugen Kage's rating: 1842 &rarr; <strong>1862</strong><br />(+20 for winning)
|l|☆OJ's Glove
|player|p1|
|c|☆Mugen Kage|gg
