|j|☆ChupoPijaGratis
|j|☆Kuhler
|t:|1776969827
|gametype|singles
|player|p1|ChupoPijaGratis|2|1140
|player|p2|Kuhler|clair|1157
|gen|9
|tier|[Gen 9] Random Battle
|rated|
|rule|Species Clause: Limit one of each Pokémon
|rule|HP Percentage Mod: HP is shown in percentages
|rule|Sleep Clause Mod: Limit one foe put to sleep
|rule|Illusion Level Mod: Illusion disguises the Pokémon's true level
|
|t:|1776969827
|teamsize|p1|6
|teamsize|p2|6
|start
|switch|p1a: Arbok|Arbok, L87, M|246/246
|switch|p2a: Venomoth|Venomoth, L84, F|255/255
|-ability|p1a: Arbok|Intimidate|boost
|-unboost|p2a: Venomoth|atk|1
|turn|1
|inactive|Battle timer is ON: inactive players will automatically lose when time's up. (requested by Kuhler)
|c|☆ChupoPijaGratis|qué activás el timer pua
|c|☆ChupoPijaGratis|puta
|
|t:|1776969858
|move|p2a: Venomoth|Sleep Powder|p1a: Arbok
|-status|p1a: Arbok|slp|[from] move: Sleep Powder
|cant|p1a: Arbok|slp
|
|upkeep
|turn|2
|
|t:|1776969880
|move|p2a: Venomoth|Quiver Dance|p2a: Venomoth
|-boost|p2a: Venomoth|spa|1
|-boost|p2a: Venomoth|spd|1
|-boost|p2a: Venomoth|spe|1
|cant|p1a: Arbok|slp
|
|upkeep
|turn|3
|
|t:|1776969886
|move|p2a: Venomoth|Quiver Dance|p2a: Venomoth
|-boost|p2a: Venomoth|spa|1
|-boost|p2a: Venomoth|spd|1
|-boost|p2a: Venomoth|spe|1
|-curestatus|p1a: Arbok|slp|[msg]
|move|p1a: Arbok|Earthquake|p2a: Venomoth
|-damage|p2a: Venomoth|166/255
|
|upkeep
|turn|4
|
|t:|1776969896
|move|p2a: Venomoth|Sleep Powder|p1a: Arbok
|-status|p1a: Arbok|slp|[from] move: Sleep Powder
|cant|p1a: Arbok|slp
|
|upkeep
|turn|5
|
|t:|1776969899
|move|p2a: Venomoth|Quiver Dance|p2a: Venomoth
|-boost|p2a: Venomoth|spa|1
|-boost|p2a: Venomoth|spd|1
|-boost|p2a: Venomoth|spe|1
|cant|p1a: Arbok|slp
|
|upkeep
|turn|6
|
|t:|1776969904
|move|p2a: Venomoth|Quiver Dance|p2a: Venomoth
|-boost|p2a: Venomoth|spa|1
|-boost|p2a: Venomoth|spd|1
|-boost|p2a: Venomoth|spe|1
|-curestatus|p1a: Arbok|slp|[msg]
|move|p1a: Arbok|Earthquake|p2a: Venomoth
|-damage|p2a: Venomoth|63/255
|
|upkeep
|turn|7
|
|t:|1776969915
|move|p2a: Venomoth|Bug Buzz|p1a: Arbok
|-resisted|p1a: Arbok
|-enditem|p1a: Arbok|Focus Sash
|-damage|p1a: Arbok|1/246
|-unboost|p1a: Arbok|spd|1
|move|p1a: Arbok|Earthquake|p2a: Venomoth
|-damage|p2a: Venomoth|0 fnt
|faint|p2a: Venomoth
|
|upkeep
|c|☆ChupoPijaGratis|CHUPALA PUTAAAAAAAAAAAAAAAA
|
|t:|1776969923
|switch|p2a: Spiritomb|Spiritomb, L89, F|234/234
|turn|8
|
|t:|1776969928
|move|p2a: Spiritomb|Shadow Sneak|p1a: Arbok
|-damage|p1a: Arbok|0 fnt
|faint|p1a: Arbok
|
|upkeep
|c|☆ChupoPijaGratis|cagón y petero
|
|t:|1776969939
|switch|p1a: Serperior|Serperior, L79, F|248/248
|turn|9
|
|t:|1776969954
|switch|p2a: Dudunsparce|Dudunsparce, L83, M|343/343
|move|p1a: Serperior|Leaf Storm|p2a: Dudunsparce
|-damage|p2a: Dudunsparce|223/343
|-boost|p1a: Serperior|spa|2
|
|-heal|p2a: Dudunsparce|244/343|[from] item: Leftovers
|upkeep
|turn|10
|
|t:|1776969960
|move|p1a: Serperior|Leaf Storm|p2a: Dudunsparce|[miss]
|-miss|p1a: Serperior|p2a: Dudunsparce
|move|p2a: Dudunsparce|Glare|p1a: Serperior
|-status|p1a: Serperior|par
|
|-heal|p2a: Dudunsparce|265/343|[from] item: Leftovers
|upkeep
|turn|11
|
|t:|1776969966
|move|p2a: Dudunsparce|Headbutt|p1a: Serperior
|-damage|p1a: Serperior|170/248 par
|cant|p1a: Serperior|flinch
|
|-heal|p2a: Dudunsparce|286/343|[from] item: Leftovers
|-heal|p1a: Serperior|185/248 par|[from] item: Leftovers
|upkeep
|turn|12
|c|☆ChupoPijaGratis|trola de mierda
|c|☆ChupoPijaGratis|cogida
|c|☆ChupoPijaGratis|peera
|c|☆ChupoPijaGratis|petera
|c|☆ChupoPijaGratis|puta
|
|t:|1776969978
|move|p2a: Dudunsparce|Headbutt|p1a: Serperior
|-damage|p1a: Serperior|113/248 par
|cant|p1a: Serperior|flinch
|
|-heal|p2a: Dudunsparce|307/343|[from] item: Leftovers
|-heal|p1a: Serperior|128/248 par|[from] item: Leftovers
|upkeep
|turn|13
|
|t:|1776969982
|move|p2a: Dudunsparce|Headbutt|p1a: Serperior
|-damage|p1a: Serperior|52/248 par
|move|p1a: Serperior|Leaf Storm|p2a: Dudunsparce
|-damage|p2a: Dudunsparce|96/343
|-boost|p1a: Serperior|spa|2
|
|-heal|p2a: Dudunsparce|117/343|[from] item: Leftovers
|-heal|p1a: Serperior|67/248 par|[from] item: Leftovers
|upkeep
|turn|14
|
|t:|1776969988
|move|p2a: Dudunsparce|Headbutt|p1a: Serperior
|-damage|p1a: Serperior|0 fnt
|faint|p1a: Serperior
|
|-heal|p2a: Dudunsparce|138/343|[from] item: Leftovers
|upkeep
|c|☆ChupoPijaGratis|mamame bien la verga
|
|t:|1776970008
|switch|p1a: Falinks|Falinks, L84|246/246
|turn|15
|
|t:|1776970017
|switch|p2a: Spiritomb|Spiritomb, L89, F|234/234
|move|p1a: Falinks|No Retreat|p1a: Falinks
|-boost|p1a: Falinks|atk|1
|-boost|p1a: Falinks|def|1
|-boost|p1a: Falinks|spa|1
|-boost|p1a: Falinks|spd|1
|-boost|p1a: Falinks|spe|1
|-start|p1a: Falinks|move: No Retreat
|
|upkeep
|turn|16
|
|t:|1776970025
|move|p1a: Falinks|Iron Head|p2a: Spiritomb
|-damage|p2a: Spiritomb|140/234
|-damage|p1a: Falinks|222/246|[from] item: Life Orb
|move|p2a: Spiritomb|Foul Play|p1a: Falinks
|-resisted|p1a: Falinks
|-crit|p1a: Falinks
|-damage|p1a: Falinks|42/246
|
|upkeep
|turn|17
|c|☆ChupoPijaGratis|ANDAAAAAAAAAAAA PUTOOOOOOOOOOOOOOOOOOOOOOOOOOOOOOOOOOOOOOOOOOOOOOOOOOO
|
|t:|1776970039
|move|p1a: Falinks|Knock Off|p2a: Spiritomb
|-damage|p2a: Spiritomb|31/234
|-enditem|p2a: Spiritomb|Choice Band|[from] move: Knock Off|[of] p1a: Falinks
|-damage|p1a: Falinks|18/246|[from] item: Life Orb
|move|p2a: Spiritomb|Foul Play|p1a: Falinks
|-resisted|p1a: Falinks
|-damage|p1a: Falinks|0 fnt
|faint|p1a: Falinks
|
|upkeep
|c|☆ChupoPijaGratis|CAGÓN HIJO DE PERRAS
|n|‽ChupoPijaGratis|chupopijagratis
|c|~|/log ChupoPijaGratis was locked from talking by Artemis. (☆ChupoPijaGratis: CAGÓN HIJO DE PERRAS)
|c|~|/raw <small>This action was done automatically. Want to learn more about the AI? <a href="https://www.smogon.com/forums/threads/3570628/#post-9056769">Visit the information thread</a>.</small>
|inactive|ChupoPijaGratis has 120 seconds left.
|
|t:|1776970065
|switch|p1a: Dudunsparce|Dudunsparce, L83, M|343/343
|turn|18
|
|t:|1776970083
|switch|p2a: Dondozo|Dondozo, L78, F|362/362
|move|p1a: Dudunsparce|Glare|p2a: Dondozo
|-status|p2a: Dondozo|par
|
|upkeep
|turn|19
|
|t:|1776970091
|move|p1a: Dudunsparce|Headbutt|p2a: Dondozo
|-damage|p2a: Dondozo|293/362 par
|cant|p2a: Dondozo|flinch
|
|-heal|p2a: Dondozo|315/362 par|[from] item: Leftovers
|upkeep
|turn|20
|inactive|ChupoPijaGratis has 120 seconds left.
|
|t:|1776970115
|move|p1a: Dudunsparce|Headbutt|p2a: Dondozo
|-damage|p2a: Dondozo|243/362 par
|move|p2a: Dondozo|Rest|p2a: Dondozo
|-status|p2a: Dondozo|slp|[from] move: Rest
|-heal|p2a: Dondozo|362/362 slp|[silent]
|
|upkeep
|turn|21
|
|t:|1776970122
|switch|p1a: Regieleki|Regieleki, L79|256/256
|cant|p2a: Dondozo|slp
|move|p2a: Dondozo|Sleep Talk|p2a: Dondozo
|move|p2a: Dondozo|Wave Crash|p1a: Regieleki|[from] move: Sleep Talk
|-damage|p1a: Regieleki|63/256
|-damage|p2a: Dondozo|298/362 slp|[from] Recoil
|
|-heal|p2a: Dondozo|320/362 slp|[from] item: Leftovers
|upkeep
|turn|22
|
|t:|1776970133
|-terastallize|p2a: Dondozo|Fairy
|move|p1a: Regieleki|Thunderbolt|p2a: Dondozo
|-damage|p2a: Dondozo|140/362 slp
|cant|p2a: Dondozo|slp
|move|p2a: Dondozo|Sleep Talk|p2a: Dondozo
|move|p2a: Dondozo|Wave Crash|p1a: Regieleki|[from] move: Sleep Talk
|-damage|p1a: Regieleki|0 fnt
|faint|p1a: Regieleki
|-damage|p2a: Dondozo|119/362 slp|[from] Recoil
|
|-heal|p2a: Dondozo|141/362 slp|[from] item: Leftovers
|upkeep
|
|t:|1776970141
|switch|p1a: Vivillon|Vivillon, L83, M|268/268
|turn|23
|
|t:|1776970148
|move|p1a: Vivillon|Hurricane|p2a: Dondozo
|-damage|p2a: Dondozo|8/362 slp
|-curestatus|p2a: Dondozo|slp|[msg]
|move|p2a: Dondozo|Rest|p2a: Dondozo
|-status|p2a: Dondozo|slp|[from] move: Rest
|-heal|p2a: Dondozo|362/362 slp|[silent]
|
|upkeep
|turn|24
|
|t:|1776970155
|move|p1a: Vivillon|Hurricane|p2a: Dondozo
|-damage|p2a: Dondozo|209/362 slp
|cant|p2a: Dondozo|slp
|move|p2a: Dondozo|Sleep Talk|p2a: Dondozo
|move|p2a: Dondozo|Wave Crash|p1a: Vivillon|[from] move: Sleep Talk
|-crit|p1a: Vivillon
|-damage|p1a: Vivillon|10/268
|-damage|p2a: Dondozo|124/362 slp|[from] Recoil
|
|-heal|p2a: Dondozo|146/362 slp|[from] item: Leftovers
|upkeep
|turn|25
|inactive|Kuhler has 120 seconds left.
|
|t:|1776970185
|move|p1a: Vivillon|Hurricane|p2a: Dondozo
|-damage|p2a: Dondozo|5/362 slp
|cant|p2a: Dondozo|slp
|move|p2a: Dondozo|Sleep Talk|p2a: Dondozo
|move|p2a: Dondozo|Rest||[from] move: Sleep Talk|[still]
|-fail|p2a: Dondozo
|
|-heal|p2a: Dondozo|27/362 slp|[from] item: Leftovers
|upkeep
|turn|26
|
|t:|1776970197
|move|p1a: Vivillon|Bug Buzz|p2a: Dondozo
|-resisted|p2a: Dondozo
|-damage|p2a: Dondozo|0 fnt
|faint|p2a: Dondozo
|
|upkeep
|inactive|Kuhler has 120 seconds left.
|
|t:|1776970209
|switch|p2a: Spiritomb|Spiritomb, L89, F|31/234
|turn|27
|
|t:|1776970213
|switch|p1a: Dudunsparce|Dudunsparce, L83, M|343/343
|move|p2a: Spiritomb|Shadow Sneak|p1a: Dudunsparce
|-immune|p1a: Dudunsparce
|
|upkeep
|turn|28
|
|t:|1776970228
|move|p1a: Dudunsparce|Glare|p2a: Spiritomb
|-status|p2a: Spiritomb|par
|cant|p2a: Spiritomb|par
|
|upkeep
|turn|29
|
|t:|1776970235
|move|p1a: Dudunsparce|Earthquake|p2a: Spiritomb
|-damage|p2a: Spiritomb|0 fnt
|faint|p2a: Spiritomb
|
|upkeep
|
|t:|1776970243
|switch|p2a: Milotic|Milotic, L83, M|293/293
|turn|30
|
|t:|1776970247
|move|p2a: Milotic|Scald|p1a: Dudunsparce
|-damage|p1a: Dudunsparce|241/343
|move|p1a: Dudunsparce|Glare|p2a: Milotic
|-status|p2a: Milotic|par
|
|-heal|p1a: Dudunsparce|262/343|[from] item: Leftovers
|upkeep
|turn|31
|
|t:|1776970251
|move|p1a: Dudunsparce|Headbutt|p2a: Milotic
|-damage|p2a: Milotic|211/293 par
|cant|p2a: Milotic|flinch
|
|-heal|p1a: Dudunsparce|283/343|[from] item: Leftovers
|-heal|p2a: Milotic|229/293 par|[from] item: Leftovers
|upkeep
|turn|32
|
|t:|1776970258
|move|p1a: Dudunsparce|Headbutt|p2a: Milotic
|-damage|p2a: Milotic|151/293 par
|move|p2a: Milotic|Scald|p1a: Dudunsparce
|-damage|p1a: Dudunsparce|193/343
|
|-heal|p1a: Dudunsparce|214/343|[from] item: Leftovers
|-heal|p2a: Milotic|169/293 par|[from] item: Leftovers
|upkeep
|turn|33
|
|t:|1776970265
|move|p1a: Dudunsparce|Headbutt|p2a: Milotic
|-damage|p2a: Milotic|87/293 par
|cant|p2a: Milotic|flinch
|
|-heal|p1a: Dudunsparce|235/343|[from] item: Leftovers
|-heal|p2a: Milotic|105/293 par|[from] item: Leftovers
|upkeep
|turn|34
|
|t:|1776970271
|move|p1a: Dudunsparce|Headbutt|p2a: Milotic
|-damage|p2a: Milotic|18/293 par
|move|p2a: Milotic|Recover|p2a: Milotic
|-heal|p2a: Milotic|165/293 par
|
|-heal|p1a: Dudunsparce|256/343|[from] item: Leftovers
|-heal|p2a: Milotic|183/293 par|[from] item: Leftovers
|upkeep
|turn|35
|
|t:|1776970277
|move|p1a: Dudunsparce|Headbutt|p2a: Milotic
|-damage|p2a: Milotic|96/293 par
|cant|p2a: Milotic|par
|
|-heal|p1a: Dudunsparce|277/343|[from] item: Leftovers
|-heal|p2a: Milotic|114/293 par|[from] item: Leftovers
|upkeep
|turn|36
|
|t:|1776970281
|move|p1a: Dudunsparce|Headbutt|p2a: Milotic
|-damage|p2a: Milotic|36/293 par
|cant|p2a: Milotic|flinch
|
|-heal|p1a: Dudunsparce|298/343|[from] item: Leftovers
|-heal|p2a: Milotic|54/293 par|[from] item: Leftovers
|upkeep
|turn|37
|
|t:|1776970284
|move|p1a: Dudunsparce|Headbutt|p2a: Milotic
|-damage|p2a: Milotic|0 fnt
|faint|p2a: Milotic
|
|-heal|p1a: Dudunsparce|319/343|[from] item: Leftovers
|upkeep
|
|t:|1776970286
|switch|p2a: Bronzong|Bronzong, L88|261/261
|turn|38
|
|t:|1776970301
|switch|p1a: Vivillon|Vivillon, L83, M|10/268
|move|p2a: Bronzong|Iron Defense|p2a: Bronzong
|-boost|p2a: Bronzong|def|2
|
|upkeep
|turn|39
|
|t:|1776970311
|move|p1a: Vivillon|Sleep Powder|p2a: Bronzong
|-status|p2a: Bronzong|slp|[from] move: Sleep Powder
|cant|p2a: Bronzong|slp
|
|upkeep
|turn|40
|
|t:|1776970316
|switch|p2a: Dudunsparce|Dudunsparce, L83, M|138/343
|move|p1a: Vivillon|Quiver Dance|p1a: Vivillon
|-boost|p1a: Vivillon|spa|1
|-boost|p1a: Vivillon|spd|1
|-boost|p1a: Vivillon|spe|1
|
|-heal|p2a: Dudunsparce|159/343|[from] item: Leftovers
|upkeep
|turn|41
|
|t:|1776970321
|move|p1a: Vivillon|Bug Buzz|p2a: Dudunsparce
|-damage|p2a: Dudunsparce|9/343
|move|p2a: Dudunsparce|Headbutt|p1a: Vivillon
|-damage|p1a: Vivillon|0 fnt
|faint|p1a: Vivillon
|
|-heal|p2a: Dudunsparce|30/343|[from] item: Leftovers
|upkeep
|
|t:|1776970326
|switch|p1a: Dudunsparce|Dudunsparce, L83, M|319/343
|turn|42
|
|t:|1776970333
|move|p1a: Dudunsparce|Glare|p2a: Dudunsparce
|-status|p2a: Dudunsparce|par
|move|p2a: Dudunsparce|Glare|p1a: Dudunsparce
|-status|p1a: Dudunsparce|par
|
|-heal|p1a: Dudunsparce|340/343 par|[from] item: Leftovers
|-heal|p2a: Dudunsparce|51/343 par|[from] item: Leftovers
|upkeep
|turn|43
|
|t:|1776970341
|move|p2a: Dudunsparce|Roost|p2a: Dudunsparce
|-heal|p2a: Dudunsparce|223/343 par
|-singleturn|p2a: Dudunsparce|move: Roost
|move|p1a: Dudunsparce|Headbutt|p2a: Dudunsparce
|-damage|p2a: Dudunsparce|133/343 par
|
|-heal|p2a: Dudunsparce|154/343 par|[from] item: Leftovers
|-heal|p1a: Dudunsparce|343/343 par|[from] item: Leftovers
|upkeep
|turn|44
|
|t:|1776970346
|move|p1a: Dudunsparce|Headbutt|p2a: Dudunsparce
|-crit|p2a: Dudunsparce
|-damage|p2a: Dudunsparce|25/343 par
|cant|p2a: Dudunsparce|flinch
|
|-heal|p2a: Dudunsparce|46/343 par|[from] item: Leftovers
|upkeep
|turn|45
|
|t:|1776970349
|cant|p2a: Dudunsparce|par
|move|p1a: Dudunsparce|Headbutt|p2a: Dudunsparce
|-damage|p2a: Dudunsparce|0 fnt
|faint|p2a: Dudunsparce
|
|upkeep
|
|t:|1776970351
|switch|p2a: Bronzong|Bronzong, L88|261/261 slp
|turn|46
|
|t:|1776970355
|cant|p2a: Bronzong|slp
|move|p1a: Dudunsparce|Headbutt|p2a: Bronzong
|-resisted|p2a: Bronzong
|-damage|p2a: Bronzong|234/261 slp
|
|-heal|p2a: Bronzong|250/261 slp|[from] item: Leftovers
|upkeep
|turn|47
|inactive|ChupoPijaGratis has 120 seconds left.
|inactive|ChupoPijaGratis has 90 seconds left.
|inactive|ChupoPijaGratis has 60 seconds left.
|
|t:|1776970470
|cant|p2a: Bronzong|slp
|move|p1a: Dudunsparce|Headbutt|p2a: Bronzong
|-resisted|p2a: Bronzong
|-damage|p2a: Bronzong|218/261 slp
|
|-heal|p2a: Bronzong|234/261 slp|[from] item: Leftovers
|upkeep
|turn|48
|
|t:|1776970476
|-curestatus|p2a: Bronzong|slp|[msg]
|move|p2a: Bronzong|Iron Defense|p2a: Bronzong
|-boost|p2a: Bronzong|def|2
|move|p1a: Dudunsparce|Headbutt|p2a: Bronzong
|-resisted|p2a: Bronzong
|-damage|p2a: Bronzong|220/261
|
|-heal|p2a: Bronzong|236/261|[from] item: Leftovers
|upkeep
|turn|49
|
|t:|1776970482
|move|p2a: Bronzong|Body Press|p1a: Dudunsparce
|-supereffective|p1a: Dudunsparce
|-damage|p1a: Dudunsparce|33/343 par
|move|p1a: Dudunsparce|Glare|p2a: Bronzong
|-status|p2a: Bronzong|par
|
|-heal|p1a: Dudunsparce|54/343 par|[from] item: Leftovers
|-heal|p2a: Bronzong|252/261 par|[from] item: Leftovers
|upkeep
|turn|50
|
|t:|1776970489
|-terastallize|p1a: Dudunsparce|Ground
|move|p1a: Dudunsparce|Roost|p1a: Dudunsparce
|-heal|p1a: Dudunsparce|226/343 par
|move|p2a: Bronzong|Body Press|p1a: Dudunsparce
|-damage|p1a: Dudunsparce|76/343 par
|
|-heal|p1a: Dudunsparce|97/343 par|[from] item: Leftovers
|-heal|p2a: Bronzong|261/261 par|[from] item: Leftovers
|upkeep
|turn|51
|inactive|ChupoPijaGratis has 60 seconds left.
|
|t:|1776970513
|move|p1a: Dudunsparce|Roost|p1a: Dudunsparce
|-heal|p1a: Dudunsparce|269/343 par
|move|p2a: Bronzong|Iron Defense|p2a: Bronzong
|-boost|p2a: Bronzong|def|2
|
|-heal|p1a: Dudunsparce|290/343 par|[from] item: Leftovers
|upkeep
|turn|52
|inactive|ChupoPijaGratis has 60 seconds left.
|
|t:|1776970519
|move|p1a: Dudunsparce|Headbutt|p2a: Bronzong
|-resisted|p2a: Bronzong
|-damage|p2a: Bronzong|252/261 par
|cant|p2a: Bronzong|flinch
|
|-heal|p1a: Dudunsparce|311/343 par|[from] item: Leftovers
|-heal|p2a: Bronzong|261/261 par|[from] item: Leftovers
|upkeep
|turn|53
|inactive|ChupoPijaGratis has 60 seconds left.
|inactive|ChupoPijaGratis has 30 seconds left.
|inactive|ChupoPijaGratis has 20 seconds left.
|inactive|ChupoPijaGratis has 15 seconds left.
|inactive|ChupoPijaGratis has 10 seconds left.
|inactive|ChupoPijaGratis has 5 seconds left.
|-message|ChupoPijaGratis lost due to inactivity.
|
|win|Kuhler
