|j|☆billbobbizzy
|j|☆flybeg0n
|t:|1772746826
|gametype|singles
|player|p1|billbobbizzy|2|
|player|p2|flybeg0n|169|
|gen|9
|tier|[Gen 9] Random Battle
|rule|Species Clause: Limit one of each Pokémon
|rule|HP Percentage Mod: HP is shown in percentages
|rule|Sleep Clause Mod: Limit one foe put to sleep
|rule|Illusion Level Mod: Illusion disguises the Pokémon's true level
|
|t:|1772746826
|teamsize|p1|6
|teamsize|p2|6
|start
|switch|p1a: Amoonguss|Amoonguss, L82, F|321/321
|switch|p2a: Rhydon|Rhydon, L85, F|317/317
|turn|1
|
|t:|1772746853
|move|p2a: Rhydon|Stealth Rock|p1a: Amoonguss
|-sidestart|p1: billbobbizzy|move: Stealth Rock
|move|p1a: Amoonguss|Giga Drain|p2a: Rhydon
|-supereffective|p2a: Rhydon
|-damage|p2a: Rhydon|5/317
|
|upkeep
|turn|2
|
|t:|1772746863
|switch|p2a: Bombirdier|Bombirdier, L85, M|258/258
|move|p1a: Amoonguss|Giga Drain|p2a: Bombirdier
|-resisted|p2a: Bombirdier
|-damage|p2a: Bombirdier|223/258
|
|upkeep
|turn|3
|
|t:|1772746879
|switch|p1a: Piloswine|Piloswine, L85, M|309/309
|-damage|p1a: Piloswine|271/309|[from] Stealth Rock
|move|p2a: Bombirdier|Brave Bird|p1a: Piloswine
|-damage|p1a: Piloswine|175/309
|-damage|p2a: Bombirdier|191/258|[from] Recoil
|
|upkeep
|turn|4
|
|t:|1772746901
|switch|p2a: Revavroom|Revavroom, L79, M|256/256
|move|p1a: Piloswine|Icicle Crash|p2a: Revavroom
|-resisted|p2a: Revavroom
|-damage|p2a: Revavroom|206/256
|
|upkeep
|turn|5
|
|t:|1772746914
|move|p2a: Revavroom|Iron Head|p1a: Piloswine
|-supereffective|p1a: Piloswine
|-damage|p1a: Piloswine|3/309
|-damage|p2a: Revavroom|181/256|[from] item: Life Orb
|move|p1a: Piloswine|Earthquake|p2a: Revavroom
|-supereffective|p2a: Revavroom
|-damage|p2a: Revavroom|0 fnt
|faint|p2a: Revavroom
|
|upkeep
|
|t:|1772746953
|switch|p2a: Snorlax|Snorlax, L82, F|397/397
|turn|6
|
|t:|1772746961
|move|p1a: Piloswine|Earthquake|p2a: Snorlax
|-damage|p2a: Snorlax|244/397
|move|p2a: Snorlax|Body Slam|p1a: Piloswine
|-damage|p1a: Piloswine|0 fnt
|faint|p1a: Piloswine
|
|-heal|p2a: Snorlax|268/397|[from] item: Leftovers
|upkeep
|
|t:|1772746980
|switch|p1a: Wigglytuff|Wigglytuff, L96, F|424/424
|-damage|p1a: Wigglytuff|371/424|[from] Stealth Rock
|turn|7
|
|t:|1772747000
|move|p1a: Wigglytuff|Knock Off|p2a: Snorlax
|-crit|p2a: Snorlax
|-damage|p2a: Snorlax|129/397
|-enditem|p2a: Snorlax|Leftovers|[from] move: Knock Off|[of] p1a: Wigglytuff
|move|p2a: Snorlax|Body Slam|p1a: Wigglytuff
|-damage|p1a: Wigglytuff|250/424
|
|-heal|p1a: Wigglytuff|276/424|[from] item: Leftovers
|upkeep
|turn|8
|
|t:|1772747012
|move|p1a: Wigglytuff|Dazzling Gleam|p2a: Snorlax
|-damage|p2a: Snorlax|38/397
|move|p2a: Snorlax|Rest|p2a: Snorlax
|-status|p2a: Snorlax|slp|[from] move: Rest
|-heal|p2a: Snorlax|397/397 slp|[silent]
|
|-heal|p1a: Wigglytuff|302/424|[from] item: Leftovers
|upkeep
|turn|9
|
|t:|1772747023
|move|p1a: Wigglytuff|Dazzling Gleam|p2a: Snorlax
|-damage|p2a: Snorlax|313/397 slp
|cant|p2a: Snorlax|slp
|move|p2a: Snorlax|Sleep Talk|p2a: Snorlax
|move|p2a: Snorlax|Rest||[from] move: Sleep Talk|[still]
|-fail|p2a: Snorlax
|
|-heal|p1a: Wigglytuff|328/424|[from] item: Leftovers
|upkeep
|turn|10
|
|t:|1772747031
|move|p1a: Wigglytuff|Dazzling Gleam|p2a: Snorlax
|-damage|p2a: Snorlax|229/397 slp
|cant|p2a: Snorlax|slp
|move|p2a: Snorlax|Sleep Talk|p2a: Snorlax
|move|p2a: Snorlax|Rest||[from] move: Sleep Talk|[still]
|-fail|p2a: Snorlax
|
|-heal|p1a: Wigglytuff|354/424|[from] item: Leftovers
|upkeep
|turn|11
|
|t:|1772747049
|switch|p1a: Cinderace|Cinderace, L77, F|249/249
|-damage|p1a: Cinderace|187/249|[from] Stealth Rock
|-curestatus|p2a: Snorlax|slp|[msg]
|move|p2a: Snorlax|Sleep Talk||[still]
|-fail|p2a: Snorlax
|
|upkeep
|turn|12
|
|t:|1772747065
|move|p1a: Cinderace|High Jump Kick|p2a: Snorlax
|-start|p1a: Cinderace|typechange|Fighting|[from] ability: Libero
|-supereffective|p2a: Snorlax
|-damage|p2a: Snorlax|0 fnt
|faint|p2a: Snorlax
|
|upkeep
|
|t:|1772747085
|switch|p2a: Rhydon|Rhydon, L85, F|5/317
|turn|13
|
|t:|1772747092
|move|p1a: Cinderace|High Jump Kick|p2a: Rhydon
|-supereffective|p2a: Rhydon
|-damage|p2a: Rhydon|0 fnt
|faint|p2a: Rhydon
|
|upkeep
|
|t:|1772747099
|switch|p2a: Bombirdier|Bombirdier, L85, M|191/258
|turn|14
|
|t:|1772747106
|move|p2a: Bombirdier|Stone Edge|p1a: Cinderace
|-resisted|p1a: Cinderace
|-damage|p1a: Cinderace|119/249
|move|p1a: Cinderace|High Jump Kick|p2a: Bombirdier|[miss]
|-miss|p1a: Cinderace|p2a: Bombirdier
|-damage|p1a: Cinderace|0 fnt|[from] highjumpkick
|faint|p1a: Cinderace
|
|upkeep
|
|t:|1772747118
|switch|p1a: Wigglytuff|Wigglytuff, L96, F|354/424
|-damage|p1a: Wigglytuff|301/424|[from] Stealth Rock
|turn|15
|
|t:|1772747139
|switch|p2a: Vivillon|Vivillon-River, L83, M|268/268
|move|p1a: Wigglytuff|Dazzling Gleam|p2a: Vivillon
|-damage|p2a: Vivillon|130/268
|
|-heal|p1a: Wigglytuff|327/424|[from] item: Leftovers
|upkeep
|turn|16
|
|t:|1772747155
|move|p2a: Vivillon|Sleep Powder|p1a: Wigglytuff
|-status|p1a: Wigglytuff|slp|[from] move: Sleep Powder
|cant|p1a: Wigglytuff|slp
|
|-heal|p1a: Wigglytuff|353/424 slp|[from] item: Leftovers
|upkeep
|turn|17
|
|t:|1772747164
|move|p2a: Vivillon|Quiver Dance|p2a: Vivillon
|-boost|p2a: Vivillon|spa|1
|-boost|p2a: Vivillon|spd|1
|-boost|p2a: Vivillon|spe|1
|-curestatus|p1a: Wigglytuff|slp|[msg]
|move|p1a: Wigglytuff|Dazzling Gleam|p2a: Vivillon
|-damage|p2a: Vivillon|31/268
|
|-heal|p1a: Wigglytuff|379/424|[from] item: Leftovers
|upkeep
|turn|18
|
|t:|1772747175
|move|p2a: Vivillon|Hurricane|p1a: Wigglytuff
|-damage|p1a: Wigglytuff|184/424
|-start|p1a: Wigglytuff|confusion
|-activate|p1a: Wigglytuff|confusion
|move|p1a: Wigglytuff|Dazzling Gleam|p2a: Vivillon
|-damage|p2a: Vivillon|0 fnt
|faint|p2a: Vivillon
|
|-heal|p1a: Wigglytuff|210/424|[from] item: Leftovers
|upkeep
|
|t:|1772747186
|switch|p2a: Comfey|Comfey, L85, F|225/225
|turn|19
|
|t:|1772747193
|move|p2a: Comfey|Draining Kiss|p1a: Wigglytuff
|-damage|p1a: Wigglytuff|152/424
|-activate|p1a: Wigglytuff|confusion
|move|p1a: Wigglytuff|Dazzling Gleam|p2a: Comfey
|-damage|p2a: Comfey|147/225
|
|-heal|p2a: Comfey|161/225|[from] item: Leftovers
|-heal|p1a: Wigglytuff|178/424|[from] item: Leftovers
|upkeep
|turn|20
|
|t:|1772747202
|move|p2a: Comfey|Draining Kiss|p1a: Wigglytuff
|-damage|p1a: Wigglytuff|108/424
|-heal|p2a: Comfey|214/225|[from] drain|[of] p1a: Wigglytuff
|-activate|p1a: Wigglytuff|confusion
|move|p1a: Wigglytuff|Dazzling Gleam|p2a: Comfey
|-damage|p2a: Comfey|136/225
|
|-heal|p2a: Comfey|150/225|[from] item: Leftovers
|-heal|p1a: Wigglytuff|134/424|[from] item: Leftovers
|upkeep
|turn|21
|
|t:|1772747218
|move|p2a: Comfey|Draining Kiss|p1a: Wigglytuff
|-damage|p1a: Wigglytuff|76/424
|-heal|p2a: Comfey|194/225|[from] drain|[of] p1a: Wigglytuff
|-end|p1a: Wigglytuff|confusion
|move|p1a: Wigglytuff|Dazzling Gleam|p2a: Comfey
|-damage|p2a: Comfey|115/225
|
|-heal|p2a: Comfey|129/225|[from] item: Leftovers
|-heal|p1a: Wigglytuff|102/424|[from] item: Leftovers
|upkeep
|turn|22
|
|t:|1772747242
|move|p2a: Comfey|Draining Kiss|p1a: Wigglytuff
|-damage|p1a: Wigglytuff|36/424
|-heal|p2a: Comfey|179/225|[from] drain|[of] p1a: Wigglytuff
|move|p1a: Wigglytuff|Knock Off|p2a: Comfey
|-resisted|p2a: Comfey
|-damage|p2a: Comfey|148/225
|-enditem|p2a: Comfey|Leftovers|[from] move: Knock Off|[of] p1a: Wigglytuff
|
|-heal|p1a: Wigglytuff|62/424|[from] item: Leftovers
|upkeep
|turn|23
|
|t:|1772747256
|move|p2a: Comfey|Draining Kiss|p1a: Wigglytuff
|-damage|p1a: Wigglytuff|1/424
|-heal|p2a: Comfey|194/225|[from] drain|[of] p1a: Wigglytuff
|move|p1a: Wigglytuff|Dazzling Gleam|p2a: Comfey
|-damage|p2a: Comfey|109/225
|
|-heal|p1a: Wigglytuff|27/424|[from] item: Leftovers
|upkeep
|turn|24
|
|t:|1772747265
|move|p2a: Comfey|Draining Kiss|p1a: Wigglytuff
|-damage|p1a: Wigglytuff|0 fnt
|-heal|p2a: Comfey|129/225|[from] drain|[of] p1a: Wigglytuff
|faint|p1a: Wigglytuff
|
|upkeep
|
|t:|1772747271
|switch|p1a: Amoonguss|Amoonguss, L82, F|321/321
|-damage|p1a: Amoonguss|281/321|[from] Stealth Rock
|turn|25
|
|t:|1772747284
|move|p2a: Comfey|Draining Kiss|p1a: Amoonguss
|-resisted|p1a: Amoonguss
|-damage|p1a: Amoonguss|254/321
|-heal|p2a: Comfey|149/225|[from] drain|[of] p1a: Amoonguss
|-damage|p2a: Comfey|112/225|[from] item: Rocky Helmet|[of] p1a: Amoonguss
|move|p1a: Amoonguss|Spore|p2a: Comfey
|-status|p2a: Comfey|slp|[from] move: Spore
|
|upkeep
|turn|26
|
|t:|1772747319
|switch|p2a: Bombirdier|Bombirdier, L85, M|191/258
|move|p1a: Amoonguss|Sludge Bomb|p2a: Bombirdier
|-damage|p2a: Bombirdier|106/258
|
|upkeep
|turn|27
|
|t:|1772747342
|-terastallize|p1a: Amoonguss|Water
|move|p2a: Bombirdier|Brave Bird|p1a: Amoonguss
|-damage|p1a: Amoonguss|97/321
|-damage|p2a: Bombirdier|63/258|[from] item: Rocky Helmet|[of] p1a: Amoonguss
|-damage|p2a: Bombirdier|11/258|[from] Recoil
|move|p1a: Amoonguss|Sludge Bomb|p2a: Bombirdier
|-damage|p2a: Bombirdier|0 fnt
|faint|p2a: Bombirdier
|
|upkeep
|
|t:|1772747352
|switch|p2a: Comfey|Comfey, L85, F|112/225 slp
|turn|28
|
|t:|1772747359
|-terastallize|p2a: Comfey|Ground
|cant|p2a: Comfey|slp
|move|p1a: Amoonguss|Sludge Bomb|p2a: Comfey
|-resisted|p2a: Comfey
|-damage|p2a: Comfey|76/225 slp
|
|upkeep
|turn|29
|
|t:|1772747389
|-curestatus|p2a: Comfey|slp|[msg]
|move|p2a: Comfey|Draining Kiss|p1a: Amoonguss
|-damage|p1a: Amoonguss|45/321
|-heal|p2a: Comfey|115/225|[from] drain|[of] p1a: Amoonguss
|-damage|p2a: Comfey|78/225|[from] item: Rocky Helmet|[of] p1a: Amoonguss
|move|p1a: Amoonguss|Giga Drain|p2a: Comfey
|-supereffective|p2a: Comfey
|-damage|p2a: Comfey|0 fnt
|-heal|p1a: Amoonguss|84/321|[from] drain|[of] p2a: Comfey
|faint|p2a: Comfey
|
|win|billbobbizzy
