|j|☆roakkin
|j|☆gero5566
|t:|1776978615
|gametype|singles
|player|p1|roakkin|cynthia|
|player|p2|gero5566|2|
|gen|9
|tier|[Gen 9] Random Battle
|rule|Species Clause: Limit one of each Pokémon
|rule|HP Percentage Mod: HP is shown in percentages
|rule|Sleep Clause Mod: Limit one foe put to sleep
|rule|Illusion Level Mod: Illusion disguises the Pokémon's true level
|
|t:|1776978615
|teamsize|p1|6
|teamsize|p2|6
|start
|switch|p1a: Iron Leaves|Iron Leaves, L80|275/275
|switch|p2a: Squawkabilly|Squawkabilly-White, L89, F|291/291
|turn|1
|
|t:|1776978641
|-end|p1a: Iron Leaves|Quark Drive|[silent]
|switch|p1a: Iron Treads|Iron Treads, L77|265/265
|move|p2a: Squawkabilly|Brave Bird|p1a: Iron Treads|[miss]
|-miss|p2a: Squawkabilly|p1a: Iron Treads
|
|upkeep
|turn|2
|
|t:|1776978657
|switch|p2a: Flamigo|Flamigo, L82, F|269/269
|move|p1a: Iron Treads|Rapid Spin|p2a: Flamigo
|-damage|p2a: Flamigo|232/269
|-boost|p1a: Iron Treads|spe|1
|
|upkeep
|turn|3
|
|t:|1776978671
|move|p1a: Iron Treads|Volt Switch|p2a: Flamigo
|-supereffective|p2a: Flamigo
|-damage|p2a: Flamigo|148/269
|
|t:|1776978683
|-end|p1a: Iron Treads|Quark Drive|[silent]
|switch|p1a: Heatran|Heatran, L79, F|273/273|[from] Volt Switch
|-item|p1a: Heatran|Air Balloon
|move|p2a: Flamigo|Close Combat|p1a: Heatran
|-supereffective|p1a: Heatran
|-damage|p1a: Heatran|3/273
|-unboost|p2a: Flamigo|def|1
|-unboost|p2a: Flamigo|spd|1
|-enditem|p1a: Heatran|Air Balloon
|
|upkeep
|turn|4
|
|t:|1776978700
|move|p2a: Flamigo|Close Combat|p1a: Heatran
|-supereffective|p1a: Heatran
|-damage|p1a: Heatran|0 fnt
|-unboost|p2a: Flamigo|def|1
|-unboost|p2a: Flamigo|spd|1
|faint|p1a: Heatran
|
|upkeep
|
|t:|1776978712
|switch|p1a: Pawmot|Pawmot, L80, F|243/243
|turn|5
|
|t:|1776978728
|switch|p2a: Vileplume|Vileplume, L85, M|266/266
|move|p1a: Pawmot|Double Shock|p2a: Vileplume
|-resisted|p2a: Vileplume
|-damage|p2a: Vileplume|171/266
|-start|p1a: Pawmot|typechange|???/Fighting|[from] move: Double Shock
|-status|p1a: Pawmot|psn|[from] ability: Effect Spore|[of] p2a: Vileplume
|-damage|p1a: Pawmot|219/243 psn|[from] item: Life Orb
|
|-heal|p2a: Vileplume|187/266|[from] item: Leftovers
|-damage|p1a: Pawmot|189/243 psn|[from] psn
|upkeep
|turn|6
|
|t:|1776978751
|move|p1a: Pawmot|Revival Blessing|p1a: Pawmot
|
|t:|1776978755
|-heal|p1: Heatran|136/273|[from] move: Revival Blessing
|move|p2a: Vileplume|Giga Drain|p1a: Pawmot
|-damage|p1a: Pawmot|53/243 psn
|-heal|p2a: Vileplume|255/266|[from] drain|[of] p1a: Pawmot
|
|-heal|p2a: Vileplume|266/266|[from] item: Leftovers
|-damage|p1a: Pawmot|23/243 psn|[from] psn
|upkeep
|turn|7
|
|t:|1776978766
|move|p1a: Pawmot|Ice Punch|p2a: Vileplume
|-supereffective|p2a: Vileplume
|-damage|p2a: Vileplume|100/266
|-damage|p1a: Pawmot|0 fnt|[from] item: Life Orb
|faint|p1a: Pawmot
|move|p2a: Vileplume|Giga Drain|p1: Pawmot|[notarget]
|-fail|p2a: Vileplume
|
|-heal|p2a: Vileplume|116/266|[from] item: Leftovers
|upkeep
|
|t:|1776978779
|switch|p1a: Mewtwo|Mewtwo, L72|272/272
|-ability|p1a: Mewtwo|Unnerve
|turn|8
|
|t:|1776978806
|switch|p2a: Alcremie|Alcremie-Rainbow-Swirl, L90, F|263/263
|move|p1a: Mewtwo|Fire Blast|p2a: Alcremie
|-crit|p2a: Alcremie
|-damage|p2a: Alcremie|143/263
|-damage|p1a: Mewtwo|245/272|[from] item: Life Orb
|
|-heal|p2a: Alcremie|159/263|[from] item: Leftovers
|upkeep
|turn|9
|
|t:|1776978821
|move|p1a: Mewtwo|Nasty Plot|p1a: Mewtwo
|-boost|p1a: Mewtwo|spa|2
|move|p2a: Alcremie|Alluring Voice|p1a: Mewtwo
|-damage|p1a: Mewtwo|118/272
|-start|p1a: Mewtwo|confusion
|
|-heal|p2a: Alcremie|175/263|[from] item: Leftovers
|upkeep
|turn|10
|
|t:|1776978838
|-activate|p1a: Mewtwo|confusion
|-damage|p1a: Mewtwo|94/272|[from] confusion
|move|p2a: Alcremie|Alluring Voice|p1a: Mewtwo
|-damage|p1a: Mewtwo|0 fnt
|faint|p1a: Mewtwo
|
|-heal|p2a: Alcremie|191/263|[from] item: Leftovers
|upkeep
|
|t:|1776978848
|switch|p1a: Heatran|Heatran, L79, F|136/273
|turn|11
|
|t:|1776978859
|-terastallize|p2a: Alcremie|Ground
|move|p1a: Heatran|Stealth Rock|p2a: Alcremie
|-sidestart|p2: gero5566|move: Stealth Rock
|move|p2a: Alcremie|Tera Blast|p1a: Heatran|[anim] Tera Blast Ground
|-supereffective|p1a: Heatran
|-damage|p1a: Heatran|0 fnt
|faint|p1a: Heatran
|
|-heal|p2a: Alcremie|207/263|[from] item: Leftovers
|upkeep
|
|t:|1776978874
|switch|p1a: Iron Leaves|Iron Leaves, L80|275/275
|turn|12
|
|t:|1776978881
|move|p1a: Iron Leaves|Swords Dance|p1a: Iron Leaves
|-boost|p1a: Iron Leaves|atk|2
|move|p2a: Alcremie|Calm Mind|p2a: Alcremie
|-boost|p2a: Alcremie|spa|1
|-boost|p2a: Alcremie|spd|1
|
|-heal|p2a: Alcremie|223/263|[from] item: Leftovers
|upkeep
|turn|13
|
|t:|1776978891
|move|p1a: Iron Leaves|Leaf Blade|p2a: Alcremie
|-supereffective|p2a: Alcremie
|-damage|p2a: Alcremie|0 fnt
|faint|p2a: Alcremie
|-damage|p1a: Iron Leaves|248/275|[from] item: Life Orb
|
|upkeep
|
|t:|1776978901
|switch|p2a: Squawkabilly|Squawkabilly-White, L89, F|291/291
|-damage|p2a: Squawkabilly|219/291|[from] Stealth Rock
|turn|14
|
|t:|1776978918
|move|p2a: Squawkabilly|Foul Play|p1a: Iron Leaves
|-supereffective|p1a: Iron Leaves
|-damage|p1a: Iron Leaves|0 fnt
|faint|p1a: Iron Leaves
|-end|p1a: Iron Leaves|Quark Drive|[silent]
|
|upkeep
|
|t:|1776978934
|switch|p1a: Iron Treads|Iron Treads, L77|265/265
|turn|15
|
|t:|1776978954
|switch|p2a: Vileplume|Vileplume, L85, M|116/266
|-damage|p2a: Vileplume|83/266|[from] Stealth Rock
|move|p1a: Iron Treads|Iron Head|p2a: Vileplume
|-damage|p2a: Vileplume|4/266
|
|-heal|p2a: Vileplume|20/266|[from] item: Leftovers
|upkeep
|turn|16
|
|t:|1776978976
|move|p1a: Iron Treads|Rapid Spin|p2a: Vileplume
|-damage|p2a: Vileplume|0 fnt
|-boost|p1a: Iron Treads|spe|1
|faint|p2a: Vileplume
|
|upkeep
|
|t:|1776978983
|switch|p2a: Flamigo|Flamigo, L82, F|148/269
|-damage|p2a: Flamigo|115/269|[from] Stealth Rock
|turn|17
|
|t:|1776978992
|move|p1a: Iron Treads|Iron Head|p2a: Flamigo
|-damage|p2a: Flamigo|25/269
|move|p2a: Flamigo|Close Combat|p1a: Iron Treads
|-supereffective|p1a: Iron Treads
|-damage|p1a: Iron Treads|31/265
|-unboost|p2a: Flamigo|def|1
|-unboost|p2a: Flamigo|spd|1
|
|upkeep
|turn|18
|
|t:|1776979004
|move|p1a: Iron Treads|Iron Head|p2a: Flamigo
|-damage|p2a: Flamigo|0 fnt
|faint|p2a: Flamigo
|
|upkeep
|
|t:|1776979016
|switch|p2a: Avalugg|Avalugg-Hisui, L90, M|317/317
|turn|19
|
|t:|1776979028
|move|p1a: Iron Treads|Iron Head|p2a: Avalugg
|-supereffective|p2a: Avalugg
|-damage|p2a: Avalugg|149/317
|move|p2a: Avalugg|Body Press|p1a: Iron Treads
|-supereffective|p1a: Iron Treads
|-damage|p1a: Iron Treads|0 fnt
|faint|p1a: Iron Treads
|-end|p1a: Iron Treads|Quark Drive|[silent]
|
|upkeep
|
|t:|1776979035
|switch|p1a: Dusknoir|Dusknoir, L89, M|225/225
|-item|p2a: Avalugg|Heavy-Duty Boots|[from] ability: Frisk|[of] p1a: Dusknoir
|turn|20
|
|t:|1776979060
|move|p1a: Dusknoir|Substitute|p1a: Dusknoir
|-start|p1a: Dusknoir|Substitute
|-damage|p1a: Dusknoir|169/225
|move|p2a: Avalugg|Avalanche|p1a: Dusknoir
|-end|p1a: Dusknoir|Substitute
|
|-heal|p1a: Dusknoir|183/225|[from] item: Leftovers
|upkeep
|turn|21
|
|t:|1776979076
|switch|p2a: Squawkabilly|Squawkabilly-White, L89, F|219/291
|-damage|p2a: Squawkabilly|147/291|[from] Stealth Rock
|-singleturn|p1a: Dusknoir|move: Focus Punch
|move|p1a: Dusknoir|Focus Punch|p2a: Squawkabilly
|-damage|p2a: Squawkabilly|0 fnt
|faint|p2a: Squawkabilly
|
|-heal|p1a: Dusknoir|197/225|[from] item: Leftovers
|upkeep
|
|t:|1776979091
|switch|p2a: Ludicolo|Ludicolo, L90, M|290/290
|-damage|p2a: Ludicolo|254/290|[from] Stealth Rock
|turn|22
|
|t:|1776979114
|move|p2a: Ludicolo|Rain Dance|p2a: Ludicolo
|-weather|RainDance
|move|p1a: Dusknoir|Poltergeist|p2a: Ludicolo
|-activate|p2a: Ludicolo|move: Poltergeist|Life Orb
|-damage|p2a: Ludicolo|109/290
|
|-weather|RainDance|[upkeep]
|-heal|p1a: Dusknoir|211/225|[from] item: Leftovers
|upkeep
|turn|23
|
|t:|1776979124
|move|p2a: Ludicolo|Hydro Pump|p1a: Dusknoir|[miss]
|-miss|p2a: Ludicolo|p1a: Dusknoir
|move|p1a: Dusknoir|Poltergeist|p2a: Ludicolo
|-activate|p2a: Ludicolo|move: Poltergeist|Life Orb
|-damage|p2a: Ludicolo|0 fnt
|faint|p2a: Ludicolo
|
|-weather|RainDance|[upkeep]
|-heal|p1a: Dusknoir|225/225|[from] item: Leftovers
|upkeep
|
|t:|1776979135
|switch|p2a: Avalugg|Avalugg-Hisui, L90, M|149/317
|turn|24
|
|t:|1776979143
|move|p1a: Dusknoir|Poltergeist|p2a: Avalugg
|-activate|p2a: Avalugg|move: Poltergeist|Heavy-Duty Boots
|-damage|p2a: Avalugg|80/317
|move|p2a: Avalugg|Stone Edge|p1a: Dusknoir
|-damage|p1a: Dusknoir|131/225
|
|-weather|RainDance|[upkeep]
|-heal|p1a: Dusknoir|145/225|[from] item: Leftovers
|upkeep
|turn|25
|
|t:|1776979153
|move|p1a: Dusknoir|Poltergeist|p2a: Avalugg
|-activate|p2a: Avalugg|move: Poltergeist|Heavy-Duty Boots
|-damage|p2a: Avalugg|11/317
|move|p2a: Avalugg|Recover|p2a: Avalugg
|-heal|p2a: Avalugg|170/317
|
|-weather|RainDance|[upkeep]
|-heal|p1a: Dusknoir|159/225|[from] item: Leftovers
|upkeep
|turn|26
|
|t:|1776979166
|move|p1a: Dusknoir|Substitute|p1a: Dusknoir
|-start|p1a: Dusknoir|Substitute
|-damage|p1a: Dusknoir|103/225
|move|p2a: Avalugg|Recover|p2a: Avalugg
|-heal|p2a: Avalugg|317/317
|
|-weather|none
|-heal|p1a: Dusknoir|117/225|[from] item: Leftovers
|upkeep
|turn|27
|
|t:|1776979175
|-singleturn|p1a: Dusknoir|move: Focus Punch
|move|p2a: Avalugg|Stone Edge|p1a: Dusknoir|[miss]
|-miss|p2a: Avalugg|p1a: Dusknoir
|move|p1a: Dusknoir|Focus Punch|p2a: Avalugg
|-supereffective|p2a: Avalugg
|-damage|p2a: Avalugg|49/317
|
|-heal|p1a: Dusknoir|131/225|[from] item: Leftovers
|upkeep
|turn|28
|
|t:|1776979186
|-singleturn|p1a: Dusknoir|move: Focus Punch
|move|p2a: Avalugg|Recover|p2a: Avalugg
|-heal|p2a: Avalugg|208/317
|move|p1a: Dusknoir|Focus Punch|p2a: Avalugg
|-supereffective|p2a: Avalugg
|-damage|p2a: Avalugg|0 fnt
|faint|p2a: Avalugg
|
|win|roakkin
|l|☆gero5566
|player|p2|
