|j|☆Ic3McSpic3
|j|☆Joits
|t:|1776979837
|gametype|singles
|player|p1|Ic3McSpic3|1|1110
|player|p2|Joits|1|1108
|gen|9
|tier|[Gen 9] Random Battle
|rated|
|rule|Species Clause: Limit one of each Pokémon
|rule|HP Percentage Mod: HP is shown in percentages
|rule|Sleep Clause Mod: Limit one foe put to sleep
|rule|Illusion Level Mod: Illusion disguises the Pokémon's true level
|
|t:|1776979837
|teamsize|p1|6
|teamsize|p2|6
|start
|switch|p1a: Heracross|Heracross, L80, M|259/259
|switch|p2a: Rayquaza|Rayquaza, L72|270/270
|-ability|p2a: Rayquaza|Air Lock
|turn|1
|inactive|Battle timer is ON: inactive players will automatically lose when time's up. (requested by Ic3McSpic3)
|
|t:|1776979858
|switch|p1a: Azumarill|Azumarill, L82, F|298/298
|move|p2a: Rayquaza|Dragon Ascent|p1a: Azumarill
|-damage|p1a: Azumarill|163/298
|-unboost|p2a: Rayquaza|def|1
|-unboost|p2a: Rayquaza|spd|1
|
|upkeep
|turn|2
|
|t:|1776979871
|switch|p2a: Lilligant|Lilligant, L86, F|261/261
|move|p1a: Azumarill|Ice Spinner|p2a: Lilligant
|-supereffective|p2a: Lilligant
|-damage|p2a: Lilligant|29/261
|
|upkeep
|turn|3
|
|t:|1776979887
|move|p2a: Lilligant|Sleep Powder|p1a: Azumarill
|-status|p1a: Azumarill|slp|[from] move: Sleep Powder
|cant|p1a: Azumarill|slp
|
|upkeep
|turn|4
|
|t:|1776979894
|switch|p1a: Honchkrow|Honchkrow, L86, M|312/312
|move|p2a: Lilligant|Petal Dance|p1a: Honchkrow
|-resisted|p1a: Honchkrow
|-damage|p1a: Honchkrow|172/312
|-damage|p2a: Lilligant|3/261|[from] item: Life Orb
|
|upkeep
|turn|5
|
|t:|1776979906
|move|p2a: Lilligant|Petal Dance|p1a: Honchkrow|[from] lockedmove
|-resisted|p1a: Honchkrow
|-damage|p1a: Honchkrow|39/312
|-damage|p2a: Lilligant|0 fnt|[from] item: Life Orb
|faint|p2a: Lilligant
|move|p1a: Honchkrow|Heat Wave|p2: Lilligant|[notarget]
|-fail|p1a: Honchkrow
|
|upkeep
|
|t:|1776979916
|switch|p2a: Lanturn|Lanturn, L89, F|367/367
|turn|6
|
|t:|1776979926
|move|p1a: Honchkrow|Sucker Punch|p2a: Lanturn
|-crit|p2a: Lanturn
|-damage|p2a: Lanturn|192/367
|move|p2a: Lanturn|Volt Switch|p1a: Honchkrow
|-supereffective|p1a: Honchkrow
|-damage|p1a: Honchkrow|0 fnt
|faint|p1a: Honchkrow
|
|t:|1776979936
|switch|p2a: Flareon|Flareon, L90, F|263/263|[from] Volt Switch
|
|-status|p2a: Flareon|tox|[from] item: Toxic Orb
|upkeep
|
|t:|1776979945
|switch|p1a: Greedent|Greedent, L86, F|347/347
|turn|7
|
|t:|1776979950
|move|p2a: Flareon|Trailblaze|p1a: Greedent
|-damage|p1a: Greedent|280/347
|-boost|p2a: Flareon|spe|1
|move|p1a: Greedent|Swords Dance|p1a: Greedent
|-boost|p1a: Greedent|atk|2
|
|-damage|p2a: Flareon|247/263 tox|[from] psn
|upkeep
|turn|8
|
|t:|1776979962
|-terastallize|p1a: Greedent|Ghost
|move|p2a: Flareon|Facade|p1a: Greedent
|-immune|p1a: Greedent
|move|p1a: Greedent|Earthquake|p2a: Flareon
|-supereffective|p2a: Flareon
|-damage|p2a: Flareon|0 fnt
|faint|p2a: Flareon
|
|upkeep
|
|t:|1776979974
|switch|p2a: Reuniclus|Reuniclus, L88, F|337/337
|turn|9
|
|t:|1776979980
|move|p2a: Reuniclus|Calm Mind|p2a: Reuniclus
|-boost|p2a: Reuniclus|spa|1
|-boost|p2a: Reuniclus|spd|1
|move|p1a: Greedent|Knock Off|p2a: Reuniclus
|-supereffective|p2a: Reuniclus
|-damage|p2a: Reuniclus|47/337
|-enditem|p2a: Reuniclus|Life Orb|[from] move: Knock Off|[of] p1a: Greedent
|
|upkeep
|turn|10
|
|t:|1776979989
|move|p2a: Reuniclus|Psychic|p1a: Greedent
|-damage|p1a: Greedent|72/347
|-enditem|p1a: Greedent|Sitrus Berry|[eat]
|-heal|p1a: Greedent|158/347|[from] item: Sitrus Berry
|-heal|p1a: Greedent|273/347|[from] ability: Cheek Pouch
|move|p1a: Greedent|Swords Dance|p1a: Greedent
|-boost|p1a: Greedent|atk|2
|
|upkeep
|turn|11
|
|t:|1776979998
|move|p2a: Reuniclus|Psychic|p1a: Greedent
|-crit|p1a: Greedent
|-damage|p1a: Greedent|0 fnt
|faint|p1a: Greedent
|
|upkeep
|
|t:|1776980012
|switch|p1a: Muk|Muk-Alola, L82, M|306/306
|turn|12
|
|t:|1776980020
|move|p1a: Muk|Knock Off|p2a: Reuniclus
|-supereffective|p2a: Reuniclus
|-damage|p2a: Reuniclus|0 fnt
|faint|p2a: Reuniclus
|
|upkeep
|
|t:|1776980031
|switch|p2a: Baxcalibur|Baxcalibur, L75, F|295/295
|turn|13
|
|t:|1776980035
|move|p2a: Baxcalibur|Swords Dance|p2a: Baxcalibur
|-boost|p2a: Baxcalibur|atk|2
|move|p1a: Muk|Drain Punch|p2a: Baxcalibur
|-supereffective|p2a: Baxcalibur
|-damage|p2a: Baxcalibur|187/295
|
|upkeep
|turn|14
|
|t:|1776980043
|move|p2a: Baxcalibur|Earthquake|p1a: Muk
|-supereffective|p1a: Muk
|-damage|p1a: Muk|0 fnt
|faint|p1a: Muk
|
|upkeep
|
|t:|1776980059
|switch|p1a: Heracross|Heracross, L80, M|259/259
|turn|15
|
|t:|1776980070
|move|p1a: Heracross|Stone Edge|p2a: Baxcalibur
|-supereffective|p2a: Baxcalibur
|-damage|p2a: Baxcalibur|0 fnt
|faint|p2a: Baxcalibur
|-ability|p1a: Heracross|Moxie|boost
|-boost|p1a: Heracross|atk|1
|
|upkeep
|
|t:|1776980078
|switch|p2a: Rayquaza|Rayquaza, L72|270/270
|-ability|p2a: Rayquaza|Air Lock
|turn|16
|
|t:|1776980087
|move|p1a: Heracross|Stone Edge|p2a: Rayquaza
|-supereffective|p2a: Rayquaza
|-damage|p2a: Rayquaza|0 fnt
|faint|p2a: Rayquaza
|-ability|p1a: Heracross|Moxie|boost
|-boost|p1a: Heracross|atk|1
|
|upkeep
|
|t:|1776980094
|switch|p2a: Lanturn|Lanturn, L89, F|192/367
|turn|17
|
|t:|1776980100
|move|p1a: Heracross|Stone Edge|p2a: Lanturn
|-damage|p2a: Lanturn|0 fnt
|faint|p2a: Lanturn
|
|win|Ic3McSpic3
|raw|Ic3McSpic3's rating: 1110 &rarr; <strong>1135</strong><br />(+25 for winning)
|raw|Joits's rating: 1108 &rarr; <strong>1083</strong><br />(-25 for losing)
|l|☆Joits
|player|p2|
