|j|☆Arty_random
|j|☆The Contrast
|t:|1776971914
|gametype|singles
|player|p1|Arty_random|n|1766
|player|p2|The Contrast|giovanni-masters|1788
|gen|9
|tier|[Gen 9] Random Battle
|rated|
|rule|Species Clause: Limit one of each Pokémon
|rule|HP Percentage Mod: HP is shown in percentages
|rule|Sleep Clause Mod: Limit one foe put to sleep
|rule|Illusion Level Mod: Illusion disguises the Pokémon's true level
|
|t:|1776971914
|teamsize|p1|6
|teamsize|p2|6
|start
|switch|p1a: Victreebel|Victreebel, L90, F|290/290
|switch|p2a: Torkoal|Torkoal, L88, F|266/266
|-weather|SunnyDay|[from] ability: Drought|[of] p2a: Torkoal
|turn|1
|inactive|Battle timer is ON: inactive players will automatically lose when time's up. (requested by Arty_random)
|
|t:|1776971925
|switch|p1a: Araquanid|Araquanid, L82, M|246/246
|move|p2a: Torkoal|Yawn|p1a: Araquanid
|-start|p1a: Araquanid|move: Yawn|[of] p2a: Torkoal
|
|-weather|SunnyDay|[upkeep]
|upkeep
|turn|2
|
|t:|1776971945
|switch|p1a: Krookodile|Krookodile, L79, F|280/280
|-ability|p1a: Krookodile|Intimidate|boost
|-unboost|p2a: Torkoal|atk|1
|move|p2a: Torkoal|Fire Blast|p1a: Krookodile
|-damage|p1a: Krookodile|69/280
|-status|p1a: Krookodile|brn
|
|-weather|SunnyDay|[upkeep]
|-damage|p1a: Krookodile|52/280 brn|[from] brn
|upkeep
|turn|3
|inactive|The Contrast has 120 seconds left.
|
|t:|1776971976
|move|p1a: Krookodile|Stealth Rock|p2a: Torkoal
|-sidestart|p2: The Contrast|move: Stealth Rock
|move|p2a: Torkoal|Solar Beam||[still]
|-prepare|p2a: Torkoal|Solar Beam
|-anim|p2a: Torkoal|Solar Beam|p1a: Krookodile
|-supereffective|p1a: Krookodile
|-damage|p1a: Krookodile|0 fnt
|faint|p1a: Krookodile
|
|-weather|SunnyDay|[upkeep]
|upkeep
|inactive|Arty_random has 120 seconds left.
|
|t:|1776972006
|switch|p1a: Victreebel|Victreebel, L90, F|290/290
|turn|4
|inactive|The Contrast has 120 seconds left.
|
|t:|1776972027
|-terastallize|p1a: Victreebel|Fire
|move|p1a: Victreebel|Sludge Wave|p2a: Torkoal
|-damage|p2a: Torkoal|79/266
|-damage|p1a: Victreebel|261/290|[from] item: Life Orb
|move|p2a: Torkoal|Fire Blast|p1a: Victreebel
|-resisted|p1a: Victreebel
|-damage|p1a: Victreebel|164/290
|
|-weather|SunnyDay|[upkeep]
|upkeep
|turn|5
|
|t:|1776972047
|move|p1a: Victreebel|Weather Ball|p2a: Torkoal
|-resisted|p2a: Torkoal
|-damage|p2a: Torkoal|0 fnt
|faint|p2a: Torkoal
|-damage|p1a: Victreebel|135/290|[from] item: Life Orb
|
|-weather|none
|upkeep
|
|t:|1776972053
|switch|p2a: Passimian|Passimian, L83, M|302/302
|-damage|p2a: Passimian|284/302|[from] Stealth Rock
|turn|6
|
|t:|1776972069
|move|p2a: Passimian|Close Combat|p1a: Victreebel
|-damage|p1a: Victreebel|0 fnt
|-unboost|p2a: Passimian|def|1
|-unboost|p2a: Passimian|spd|1
|faint|p1a: Victreebel
|
|upkeep
|
|t:|1776972078
|switch|p1a: Araquanid|Araquanid, L82, M|246/246
|turn|7
|
|t:|1776972089
|move|p2a: Passimian|Close Combat|p1a: Araquanid
|-resisted|p1a: Araquanid
|-damage|p1a: Araquanid|137/246
|-unboost|p2a: Passimian|def|1
|-unboost|p2a: Passimian|spd|1
|move|p1a: Araquanid|Sticky Web|p2a: Passimian
|-sidestart|p2: The Contrast|move: Sticky Web
|
|upkeep
|turn|8
|inactive|The Contrast has 90 seconds left.
|inactive|The Contrast has 60 seconds left.
|inactive|The Contrast has 30 seconds left.
|
|t:|1776972186
|-terastallize|p2a: Passimian|Fighting
|move|p2a: Passimian|Close Combat|p1a: Araquanid
|-resisted|p1a: Araquanid
|-damage|p1a: Araquanid|0 fnt
|-unboost|p2a: Passimian|def|1
|-unboost|p2a: Passimian|spd|1
|faint|p1a: Araquanid
|
|upkeep
|
|t:|1776972202
|switch|p1a: Articuno|Articuno, L86|295/295
|-ability|p1a: Articuno|Pressure
|turn|9
|inactive|The Contrast has 30 seconds left.
|
|t:|1776972218
|switch|p2a: Empoleon|Empoleon, L84, M|278/278
|-damage|p2a: Empoleon|261/278|[from] Stealth Rock
|-activate|p2a: Empoleon|move: Sticky Web
|-unboost|p2a: Empoleon|spe|1
|-ability|p2a: Empoleon|Competitive|boost
|-boost|p2a: Empoleon|spa|2
|move|p1a: Articuno|Brave Bird|p2a: Empoleon
|-resisted|p2a: Empoleon
|-damage|p2a: Empoleon|204/278
|-damage|p1a: Articuno|276/295|[from] Recoil
|
|-heal|p2a: Empoleon|221/278|[from] item: Leftovers
|upkeep
|turn|10
|inactive|The Contrast has 30 seconds left.
|
|t:|1776972231
|switch|p1a: Shaymin|Shaymin, L82|298/298
|move|p2a: Empoleon|Surf|p1a: Shaymin
|-resisted|p1a: Shaymin
|-damage|p1a: Shaymin|199/298
|
|-heal|p1a: Shaymin|217/298|[from] item: Leftovers
|-heal|p2a: Empoleon|238/278|[from] item: Leftovers
|upkeep
|turn|11
|
|t:|1776972241
|move|p1a: Shaymin|Seed Flare|p2a: Empoleon
|-damage|p2a: Empoleon|129/278
|move|p2a: Empoleon|Yawn|p1a: Shaymin
|-start|p1a: Shaymin|move: Yawn|[of] p2a: Empoleon
|
|-heal|p1a: Shaymin|235/298|[from] item: Leftovers
|-heal|p2a: Empoleon|146/278|[from] item: Leftovers
|upkeep
|turn|12
|
|t:|1776972249
|switch|p1a: Articuno|Articuno, L86|276/295
|-ability|p1a: Articuno|Pressure
|move|p2a: Empoleon|Roost|p2a: Empoleon
|-heal|p2a: Empoleon|278/278
|-singleturn|p2a: Empoleon|move: Roost
|
|upkeep
|turn|13
|
|t:|1776972259
|move|p1a: Articuno|Substitute|p1a: Articuno
|-start|p1a: Articuno|Substitute
|-damage|p1a: Articuno|203/295
|move|p2a: Empoleon|Yawn||[still]
|-fail|p2a: Empoleon
|
|upkeep
|turn|14
|
|t:|1776972263
|move|p1a: Articuno|Freeze-Dry|p2a: Empoleon
|-damage|p2a: Empoleon|206/278
|move|p2a: Empoleon|Surf|p1a: Articuno
|-end|p1a: Articuno|Substitute
|
|-heal|p2a: Empoleon|223/278|[from] item: Leftovers
|upkeep
|turn|15
|inactive|The Contrast has 60 seconds left.
|
|t:|1776972268
|move|p1a: Articuno|Freeze-Dry|p2a: Empoleon
|-damage|p2a: Empoleon|154/278
|move|p2a: Empoleon|Surf|p1a: Articuno
|-damage|p1a: Articuno|52/295
|
|-heal|p2a: Empoleon|171/278|[from] item: Leftovers
|upkeep
|turn|16
|
|t:|1776972275
|switch|p1a: Shaymin|Shaymin, L82|235/298
|move|p2a: Empoleon|Roost|p2a: Empoleon
|-heal|p2a: Empoleon|278/278
|-singleturn|p2a: Empoleon|move: Roost
|
|-heal|p1a: Shaymin|253/298|[from] item: Leftovers
|upkeep
|turn|17
|inactive|The Contrast has 60 seconds left.
|
|t:|1776972300
|move|p1a: Shaymin|Earth Power|p2a: Empoleon
|-supereffective|p2a: Empoleon
|-damage|p2a: Empoleon|158/278
|move|p2a: Empoleon|Yawn|p1a: Shaymin
|-start|p1a: Shaymin|move: Yawn|[of] p2a: Empoleon
|
|-heal|p1a: Shaymin|271/298|[from] item: Leftovers
|-heal|p2a: Empoleon|175/278|[from] item: Leftovers
|upkeep
|turn|18
|inactive|The Contrast has 60 seconds left.
|
|t:|1776972306
|move|p1a: Shaymin|Earth Power|p2a: Empoleon
|-supereffective|p2a: Empoleon
|-damage|p2a: Empoleon|57/278
|move|p2a: Empoleon|Roost|p2a: Empoleon
|-heal|p2a: Empoleon|196/278
|-singleturn|p2a: Empoleon|move: Roost
|
|-heal|p1a: Shaymin|289/298|[from] item: Leftovers
|-heal|p2a: Empoleon|213/278|[from] item: Leftovers
|-end|p1a: Shaymin|move: Yawn|[silent]
|-status|p1a: Shaymin|slp
|upkeep
|turn|19
|
|t:|1776972312
|-curestatus|p1a: Shaymin|slp|[from] ability: Natural Cure
|switch|p1a: Hoopa|Hoopa-Unbound, L80|259/259
|move|p2a: Empoleon|Surf|p1a: Hoopa
|-damage|p1a: Hoopa|97/259
|
|-heal|p2a: Empoleon|230/278|[from] item: Leftovers
|upkeep
|turn|20
|inactive|The Contrast has 60 seconds left.
|
|t:|1776972334
|switch|p2a: Passimian|Passimian, L83, M, tera:Fighting|284/302
|-damage|p2a: Passimian|266/302|[from] Stealth Rock
|-activate|p2a: Passimian|move: Sticky Web
|-unboost|p2a: Passimian|spe|1
|-ability|p2a: Passimian|Defiant|boost
|-boost|p2a: Passimian|atk|2
|move|p1a: Hoopa|Hyperspace Fury|p2a: Passimian
|-resisted|p2a: Passimian
|-damage|p2a: Passimian|151/302
|-unboost|p1a: Hoopa|def|1
|
|upkeep
|turn|21
|inactive|The Contrast has 60 seconds left.
|
|t:|1776972349
|switch|p1a: Shaymin|Shaymin, L82|289/298
|move|p2a: Passimian|Knock Off|p1a: Shaymin
|-damage|p1a: Shaymin|81/298
|-enditem|p1a: Shaymin|Leftovers|[from] move: Knock Off|[of] p2a: Passimian
|
|upkeep
|turn|22
|
|t:|1776972359
|move|p1a: Shaymin|Seed Flare|p2a: Passimian
|-damage|p2a: Passimian|0 fnt
|faint|p2a: Passimian
|
|upkeep
|
|t:|1776972366
|switch|p2a: Empoleon|Empoleon, L84, M|230/278
|-damage|p2a: Empoleon|213/278|[from] Stealth Rock
|-activate|p2a: Empoleon|move: Sticky Web
|-unboost|p2a: Empoleon|spe|1
|-ability|p2a: Empoleon|Competitive|boost
|-boost|p2a: Empoleon|spa|2
|turn|23
|inactive|The Contrast has 60 seconds left.
|
|t:|1776972372
|move|p1a: Shaymin|Seed Flare|p2a: Empoleon
|-damage|p2a: Empoleon|110/278
|-unboost|p2a: Empoleon|spd|2
|-ability|p2a: Empoleon|Competitive|boost
|-boost|p2a: Empoleon|spa|2
|move|p2a: Empoleon|Surf|p1a: Shaymin
|-resisted|p1a: Shaymin
|-crit|p1a: Shaymin
|-damage|p1a: Shaymin|0 fnt
|faint|p1a: Shaymin
|
|-heal|p2a: Empoleon|127/278|[from] item: Leftovers
|upkeep
|
|t:|1776972377
|switch|p1a: Articuno|Articuno, L86|52/295
|-ability|p1a: Articuno|Pressure
|turn|24
|
|t:|1776972387
|switch|p2a: Abomasnow|Abomasnow, L84, F|287/287
|-damage|p2a: Abomasnow|216/287|[from] Stealth Rock
|-activate|p2a: Abomasnow|move: Sticky Web
|-unboost|p2a: Abomasnow|spe|1
|-weather|Snowscape|[from] ability: Snow Warning|[of] p2a: Abomasnow
|move|p1a: Articuno|Freeze-Dry|p2a: Abomasnow
|-damage|p2a: Abomasnow|129/287
|
|-weather|Snowscape|[upkeep]
|upkeep
|turn|25
|
|t:|1776972397
|move|p1a: Articuno|Brave Bird|p2a: Abomasnow
|-supereffective|p2a: Abomasnow
|-damage|p2a: Abomasnow|0 fnt
|faint|p2a: Abomasnow
|-damage|p1a: Articuno|9/295|[from] Recoil
|
|-weather|Snowscape|[upkeep]
|upkeep
|inactive|The Contrast has 60 seconds left.
|
|t:|1776972408
|switch|p2a: Empoleon|Empoleon, L84, M|127/278
|-damage|p2a: Empoleon|110/278|[from] Stealth Rock
|-activate|p2a: Empoleon|move: Sticky Web
|-unboost|p2a: Empoleon|spe|1
|-ability|p2a: Empoleon|Competitive|boost
|-boost|p2a: Empoleon|spa|2
|turn|26
|
|t:|1776972412
|move|p1a: Articuno|Freeze-Dry|p2a: Empoleon
|-damage|p2a: Empoleon|43/278
|move|p2a: Empoleon|Roost|p2a: Empoleon
|-heal|p2a: Empoleon|182/278
|-singleturn|p2a: Empoleon|move: Roost
|
|-weather|Snowscape|[upkeep]
|-heal|p2a: Empoleon|199/278|[from] item: Leftovers
|upkeep
|turn|27
|
|t:|1776972421
|move|p1a: Articuno|Freeze-Dry|p2a: Empoleon
|-damage|p2a: Empoleon|123/278
|move|p2a: Empoleon|Surf|p1a: Articuno
|-damage|p1a: Articuno|0 fnt
|faint|p1a: Articuno
|
|-weather|Snowscape|[upkeep]
|-heal|p2a: Empoleon|140/278|[from] item: Leftovers
|upkeep
|
|t:|1776972425
|switch|p1a: Hoopa|Hoopa-Unbound, L80|97/259
|turn|28
|
|t:|1776972440
|move|p1a: Hoopa|Hyperspace Fury|p2a: Empoleon
|-damage|p2a: Empoleon|0 fnt
|-unboost|p1a: Hoopa|def|1
|faint|p2a: Empoleon
|
|-weather|none
|upkeep
|
|t:|1776972449
|switch|p2a: Sceptile|Sceptile, L87, M|264/264
|-damage|p2a: Sceptile|231/264|[from] Stealth Rock
|-activate|p2a: Sceptile|move: Sticky Web
|-unboost|p2a: Sceptile|spe|1
|turn|29
|
|t:|1776972476
|move|p1a: Hoopa|Hyperspace Fury|p2a: Sceptile
|-damage|p2a: Sceptile|0 fnt
|-unboost|p1a: Hoopa|def|1
|faint|p2a: Sceptile
|
|upkeep
|
|t:|1776972481
|switch|p2a: Mew|Mew, L82|298/298
|-damage|p2a: Mew|261/298|[from] Stealth Rock
|-activate|p2a: Mew|move: Sticky Web
|-unboost|p2a: Mew|spe|1
|turn|30
|
|t:|1776972492
|move|p1a: Hoopa|Hyperspace Fury|p2a: Mew
|-supereffective|p2a: Mew
|-damage|p2a: Mew|0 fnt
|-unboost|p1a: Hoopa|def|1
|faint|p2a: Mew
|
|win|Arty_random
|raw|Arty_random's rating: 1766 &rarr; <strong>1787</strong><br />(+21 for winning)
|raw|The Contrast's rating: 1788 &rarr; <strong>1767</strong><br />(-21 for losing)
|c|☆The Contrast|f
|c|☆The Contrast|k
|c|☆Arty_random|xd
|c|☆The Contrast|shoulda roosted
|c|☆Arty_random|ggs
|c|☆The Contrast|gg
|c|☆Arty_random|yep
