|j|☆OceanMan 3
|j|☆Butttercuppp
|t:|1776983141
|gametype|singles
|player|p1|OceanMan 3|hilda|1487
|player|p2|Butttercuppp|169|1489
|gen|9
|tier|[Gen 9] Random Battle
|rated|
|rule|Species Clause: Limit one of each Pokémon
|rule|HP Percentage Mod: HP is shown in percentages
|rule|Sleep Clause Mod: Limit one foe put to sleep
|rule|Illusion Level Mod: Illusion disguises the Pokémon's true level
|
|t:|1776983141
|teamsize|p1|6
|teamsize|p2|6
|start
|switch|p1a: Sandaconda|Sandaconda, L84, F|258/258
|switch|p2a: Noctowl|Noctowl, L95, F|344/344
|turn|1
|
|t:|1776983161
|move|p2a: Noctowl|Hurricane|p1a: Sandaconda
|-damage|p1a: Sandaconda|90/258
|-start|p1a: Sandaconda|confusion
|-activate|p1a: Sandaconda|confusion
|-damage|p1a: Sandaconda|68/258|[from] confusion
|
|-heal|p1a: Sandaconda|84/258|[from] item: Leftovers
|upkeep
|turn|2
|
|t:|1776983167
|move|p2a: Noctowl|Hyper Voice|p1a: Sandaconda
|-damage|p1a: Sandaconda|0 fnt
|faint|p1a: Sandaconda
|
|upkeep
|
|t:|1776983173
|switch|p1a: Alomomola|Alomomola, L87, F|429/429
|turn|3
|
|t:|1776983177
|move|p2a: Noctowl|Hurricane|p1a: Alomomola|[miss]
|-miss|p2a: Noctowl|p1a: Alomomola
|move|p1a: Alomomola|Scald|p2a: Noctowl
|-damage|p2a: Noctowl|304/344
|
|upkeep
|turn|4
|
|t:|1776983184
|move|p2a: Noctowl|Hurricane|p1a: Alomomola
|-damage|p1a: Alomomola|224/429
|-start|p1a: Alomomola|confusion
|-activate|p1a: Alomomola|confusion
|move|p1a: Alomomola|Scald|p2a: Noctowl
|-damage|p2a: Noctowl|259/344
|
|upkeep
|turn|5
|
|t:|1776983190
|move|p2a: Noctowl|Hurricane|p1a: Alomomola|[miss]
|-miss|p2a: Noctowl|p1a: Alomomola
|-activate|p1a: Alomomola|confusion
|move|p1a: Alomomola|Flip Turn|p2a: Noctowl
|-damage|p2a: Noctowl|187/344
|
|t:|1776983199
|switch|p1a: Regice|Regice, L88|284/284|[from] Flip Turn
|
|upkeep
|turn|6
|
|t:|1776983208
|switch|p2a: Infernape|Infernape, L82, F|259/259
|move|p1a: Regice|Ice Beam|p2a: Infernape
|-resisted|p2a: Infernape
|-damage|p2a: Infernape|199/259
|
|upkeep
|turn|7
|
|t:|1776983219
|switch|p1a: Alomomola|Alomomola, L87, F|367/429
|move|p2a: Infernape|Close Combat|p1a: Alomomola
|-damage|p1a: Alomomola|202/429
|-unboost|p2a: Infernape|def|1
|-unboost|p2a: Infernape|spd|1
|-damage|p2a: Infernape|156/259|[from] item: Rocky Helmet|[of] p1a: Alomomola
|-damage|p2a: Infernape|131/259|[from] item: Life Orb
|
|upkeep
|turn|8
|
|t:|1776983225
|move|p2a: Infernape|Knock Off|p1a: Alomomola
|-damage|p1a: Alomomola|101/429
|-damage|p2a: Infernape|88/259|[from] item: Rocky Helmet|[of] p1a: Alomomola
|-enditem|p1a: Alomomola|Rocky Helmet|[from] move: Knock Off|[of] p2a: Infernape
|-damage|p2a: Infernape|63/259|[from] item: Life Orb
|move|p1a: Alomomola|Scald|p2a: Infernape
|-supereffective|p2a: Infernape
|-damage|p2a: Infernape|0 fnt
|faint|p2a: Infernape
|
|upkeep
|
|t:|1776983240
|switch|p2a: Thundurus|Thundurus-Therian, L80, M|258/258
|turn|9
|l|☆OceanMan 3
|player|p1|
|inactive|Battle timer is ON: inactive players will automatically lose when time's up. (requested by Butttercuppp)
|j|☆OceanMan 3
|inactive|OceanMan 3 reconnected and has 145 seconds left.
|player|p1|OceanMan 3|hilda|
|
|t:|1776983275
|switch|p1a: Porygon2|Porygon2, L81|270/270
|-ability|p1a: Porygon2|Download|boost
|-boost|p1a: Porygon2|atk|1
|move|p2a: Thundurus|Nasty Plot|p2a: Thundurus
|-boost|p2a: Thundurus|spa|2
|
|upkeep
|turn|10
|
|t:|1776983291
|move|p2a: Thundurus|Focus Blast|p1a: Porygon2
|-supereffective|p1a: Porygon2
|-crit|p1a: Porygon2
|-damage|p1a: Porygon2|0 fnt
|faint|p1a: Porygon2
|
|upkeep
|
|t:|1776983298
|switch|p1a: Whimsicott|Whimsicott, L84, M|238/238
|turn|11
|
|t:|1776983307
|-terastallize|p2a: Thundurus|Flying
|move|p1a: Whimsicott|Encore|p2a: Thundurus
|-start|p2a: Thundurus|Encore
|move|p2a: Thundurus|Focus Blast|p1a: Whimsicott
|-resisted|p1a: Whimsicott
|-damage|p1a: Whimsicott|121/238
|
|-heal|p1a: Whimsicott|135/238|[from] item: Leftovers
|upkeep
|turn|12
|
|t:|1776983314
|move|p1a: Whimsicott|Leech Seed|p2a: Thundurus
|-start|p2a: Thundurus|move: Leech Seed
|move|p2a: Thundurus|Focus Blast|p1a: Whimsicott|[miss]
|-miss|p2a: Thundurus|p1a: Whimsicott
|
|-heal|p1a: Whimsicott|149/238|[from] item: Leftovers
|-damage|p2a: Thundurus|226/258|[from] Leech Seed|[of] p1a: Whimsicott
|-heal|p1a: Whimsicott|181/238|[silent]
|upkeep
|turn|13
|
|t:|1776983322
|switch|p2a: Dewgong|Dewgong, L94, M|322/322
|move|p1a: Whimsicott|Moonblast|p2a: Dewgong
|-damage|p2a: Dewgong|270/322
|
|-heal|p1a: Whimsicott|195/238|[from] item: Leftovers
|upkeep
|turn|14
|
|t:|1776983329
|switch|p1a: Alomomola|Alomomola, L87, F|244/429
|move|p2a: Dewgong|Triple Axel|p1a: Alomomola
|-resisted|p1a: Alomomola
|-damage|p1a: Alomomola|233/429
|-resisted|p1a: Alomomola
|-damage|p1a: Alomomola|210/429
|-resisted|p1a: Alomomola
|-damage|p1a: Alomomola|178/429
|-hitcount|p1a: Alomomola|3
|
|upkeep
|turn|15
|
|t:|1776983338
|switch|p2a: Thundurus|Thundurus-Therian, L80, M, tera:Flying|226/258
|move|p1a: Alomomola|Flip Turn|p2a: Thundurus
|-damage|p2a: Thundurus|162/258
|
|t:|1776983345
|switch|p1a: Regice|Regice, L88|284/284|[from] Flip Turn
|
|upkeep
|turn|16
|
|t:|1776983358
|-terastallize|p1a: Regice|Electric
|move|p2a: Thundurus|Thunderbolt|p1a: Regice
|-resisted|p1a: Regice
|-damage|p1a: Regice|256/284
|move|p1a: Regice|Thunderbolt|p2a: Thundurus
|-heal|p2a: Thundurus|226/258|[from] ability: Volt Absorb|[of] p1a: Regice
|
|upkeep
|turn|17
|
|t:|1776983375
|switch|p2a: Snorlax|Snorlax, L82, M|397/397
|move|p1a: Regice|Ice Beam|p2a: Snorlax
|-damage|p2a: Snorlax|351/397
|
|upkeep
|turn|18
|
|t:|1776983390
|switch|p1a: Alomomola|Alomomola, L87, F|321/429
|move|p2a: Snorlax|Earthquake|p1a: Alomomola
|-crit|p1a: Alomomola
|-damage|p1a: Alomomola|204/429
|
|upkeep
|turn|19
|
|t:|1776983399
|move|p1a: Alomomola|Scald|p2a: Snorlax
|-damage|p2a: Snorlax|306/397
|move|p2a: Snorlax|Body Slam|p1a: Alomomola
|-damage|p1a: Alomomola|104/429
|
|upkeep
|turn|20
|
|t:|1776983409
|move|p1a: Alomomola|Flip Turn|p2a: Snorlax
|-damage|p2a: Snorlax|231/397
|
|t:|1776983413
|switch|p1a: Noivern|Noivern, L82, F|274/274|[from] Flip Turn
|move|p2a: Snorlax|Curse|p2a: Snorlax
|-unboost|p2a: Snorlax|spe|1
|-boost|p2a: Snorlax|atk|1
|-boost|p2a: Snorlax|def|1
|
|upkeep
|turn|21
|
|t:|1776983423
|move|p1a: Noivern|Hurricane|p2a: Snorlax
|-damage|p2a: Snorlax|135/397
|move|p2a: Snorlax|Body Slam|p1a: Noivern
|-damage|p1a: Noivern|114/274
|
|upkeep
|turn|22
|
|t:|1776983432
|move|p1a: Noivern|Draco Meteor|p2a: Snorlax
|-damage|p2a: Snorlax|33/397
|-unboost|p1a: Noivern|spa|2
|move|p2a: Snorlax|Rest|p2a: Snorlax
|-status|p2a: Snorlax|slp|[from] move: Rest
|-heal|p2a: Snorlax|397/397 slp|[silent]
|-enditem|p2a: Snorlax|Chesto Berry|[eat]
|-curestatus|p2a: Snorlax|slp|[msg]
|
|upkeep
|turn|23
|
|t:|1776983441
|switch|p1a: Whimsicott|Whimsicott, L84, M|195/238
|move|p2a: Snorlax|Body Slam|p1a: Whimsicott
|-damage|p1a: Whimsicott|60/238
|
|-heal|p1a: Whimsicott|74/238|[from] item: Leftovers
|upkeep
|turn|24
|
|t:|1776983454
|move|p1a: Whimsicott|Encore|p2a: Snorlax
|-start|p2a: Snorlax|Encore
|move|p2a: Snorlax|Body Slam|p1a: Whimsicott
|-damage|p1a: Whimsicott|0 fnt
|faint|p1a: Whimsicott
|
|upkeep
|
|t:|1776983463
|switch|p1a: Regice|Regice, L88, tera:Electric|256/284
|turn|25
|
|t:|1776983468
|move|p1a: Regice|Thunderbolt|p2a: Snorlax
|-damage|p2a: Snorlax|306/397
|move|p2a: Snorlax|Body Slam|p1a: Regice
|-damage|p1a: Regice|136/284
|
|upkeep
|turn|26
|
|t:|1776983473
|move|p1a: Regice|Rest|p1a: Regice
|-status|p1a: Regice|slp|[from] move: Rest
|-heal|p1a: Regice|284/284 slp|[silent]
|move|p2a: Snorlax|Body Slam|p1a: Regice
|-damage|p1a: Regice|166/284 slp
|
|-end|p2a: Snorlax|Encore
|upkeep
|turn|27
|
|t:|1776983481
|switch|p1a: Alomomola|Alomomola, L87, F|247/429
|move|p2a: Snorlax|Curse|p2a: Snorlax
|-unboost|p2a: Snorlax|spe|1
|-boost|p2a: Snorlax|atk|1
|-boost|p2a: Snorlax|def|1
|
|upkeep
|turn|28
|
|t:|1776983487
|move|p1a: Alomomola|Scald|p2a: Snorlax
|-damage|p2a: Snorlax|261/397
|move|p2a: Snorlax|Body Slam|p1a: Alomomola
|-damage|p1a: Alomomola|61/429
|
|upkeep
|turn|29
|
|t:|1776983492
|move|p1a: Alomomola|Flip Turn|p2a: Snorlax
|-crit|p2a: Snorlax
|-damage|p2a: Snorlax|161/397
|
|t:|1776983495
|switch|p1a: Noivern|Noivern, L82, F|114/274|[from] Flip Turn
|move|p2a: Snorlax|Curse|p2a: Snorlax
|-unboost|p2a: Snorlax|spe|1
|-boost|p2a: Snorlax|atk|1
|-boost|p2a: Snorlax|def|1
|
|upkeep
|turn|30
|
|t:|1776983500
|move|p1a: Noivern|Hurricane|p2a: Snorlax
|-crit|p2a: Snorlax
|-damage|p2a: Snorlax|17/397
|-start|p2a: Snorlax|confusion
|-activate|p2a: Snorlax|confusion
|-damage|p2a: Snorlax|0 fnt|[from] confusion
|faint|p2a: Snorlax
|
|upkeep
|n|!Butttercuppp|butttercuppp
|
|t:|1776983521
|switch|p2a: Thundurus|Thundurus-Therian, L80, M, tera:Flying|226/258
|turn|31
|
|t:|1776983526
|move|p1a: Noivern|Draco Meteor|p2a: Thundurus
|-damage|p2a: Thundurus|82/258
|-unboost|p1a: Noivern|spa|2
|move|p2a: Thundurus|Nasty Plot|p2a: Thundurus
|-boost|p2a: Thundurus|spa|2
|
|upkeep
|turn|32
|
|t:|1776983536
|move|p1a: Noivern|Draco Meteor|p2a: Thundurus|[miss]
|-miss|p1a: Noivern|p2a: Thundurus
|move|p2a: Thundurus|Thunderbolt|p1a: Noivern
|-damage|p1a: Noivern|0 fnt
|faint|p1a: Noivern
|
|upkeep
|
|t:|1776983542
|switch|p1a: Regice|Regice, L88, tera:Electric|166/284 slp
|turn|33
|
|t:|1776983549
|move|p2a: Thundurus|Focus Blast|p1a: Regice|[miss]
|-miss|p2a: Thundurus|p1a: Regice
|cant|p1a: Regice|slp
|move|p1a: Regice|Sleep Talk|p1a: Regice
|move|p1a: Regice|Ice Beam|p2a: Thundurus|[from] move: Sleep Talk
|-supereffective|p2a: Thundurus
|-crit|p2a: Thundurus
|-damage|p2a: Thundurus|0 fnt
|faint|p2a: Thundurus
|
|upkeep
|
|t:|1776983554
|switch|p2a: Probopass|Probopass, L91, M|257/257
|turn|34
|
|t:|1776983561
|switch|p1a: Alomomola|Alomomola, L87, F|204/429
|move|p2a: Probopass|Iron Defense|p2a: Probopass
|-boost|p2a: Probopass|def|2
|
|upkeep
|turn|35
|inactive|OceanMan 3 has 120 seconds left.
|
|t:|1776983602
|move|p1a: Alomomola|Scald|p2a: Probopass
|-supereffective|p2a: Probopass
|-damage|p2a: Probopass|195/257
|-status|p2a: Probopass|brn
|move|p2a: Probopass|Iron Defense|p2a: Probopass
|-boost|p2a: Probopass|def|2
|
|-damage|p2a: Probopass|179/257 brn|[from] brn
|upkeep
|turn|36
|
|t:|1776983616
|move|p1a: Alomomola|Scald|p2a: Probopass
|-supereffective|p2a: Probopass
|-damage|p2a: Probopass|117/257 brn
|move|p2a: Probopass|Iron Defense|p2a: Probopass
|-boost|p2a: Probopass|def|2
|
|-damage|p2a: Probopass|101/257 brn|[from] brn
|upkeep
|turn|37
|inactive|OceanMan 3 has 120 seconds left.
|
|t:|1776983621
|move|p1a: Alomomola|Wish|p1a: Alomomola
|move|p2a: Probopass|Rest|p2a: Probopass
|-status|p2a: Probopass|slp|[from] move: Rest
|-heal|p2a: Probopass|257/257 slp|[silent]
|-enditem|p2a: Probopass|Chesto Berry|[eat]
|-curestatus|p2a: Probopass|slp|[msg]
|
|upkeep
|turn|38
|
|t:|1776983627
|move|p1a: Alomomola|Scald|p2a: Probopass
|-supereffective|p2a: Probopass
|-damage|p2a: Probopass|201/257
|move|p2a: Probopass|Body Press|p1a: Alomomola
|-damage|p1a: Alomomola|0 fnt
|faint|p1a: Alomomola
|
|upkeep
|
|t:|1776983629
|switch|p1a: Regice|Regice, L88, tera:Electric|166/284 slp
|turn|39
|
|t:|1776983635
|cant|p1a: Regice|slp
|move|p2a: Probopass|Body Press|p1a: Regice
|-damage|p1a: Regice|0 fnt
|faint|p1a: Regice
|
|win|Butttercuppp
