|j|☆hannibal nectar
|j|☆molfus
|t:|1772750321
|gametype|singles
|player|p1|hannibal nectar|archer|1740
|player|p2|molfus|schoolkid-gen4|1782
|gen|9
|tier|[Gen 9] Random Battle
|rated|
|rule|Species Clause: Limit one of each Pokémon
|rule|HP Percentage Mod: HP is shown in percentages
|rule|Sleep Clause Mod: Limit one foe put to sleep
|rule|Illusion Level Mod: Illusion disguises the Pokémon's true level
|
|t:|1772750321
|teamsize|p1|6
|teamsize|p2|6
|start
|switch|p1a: Flygon|Flygon, L82, F|265/265
|switch|p2a: Feraligatr|Feraligatr, L79, M|264/264
|turn|1
|inactive|Battle timer is ON: inactive players will automatically lose when time's up. (requested by molfus)
|inactive|hannibal nectar also wants the timer to be on.
|
|t:|1772750339
|move|p1a: Flygon|Dragon Dance|p1a: Flygon
|-boost|p1a: Flygon|atk|1
|-boost|p1a: Flygon|spe|1
|move|p2a: Feraligatr|Dragon Dance|p2a: Feraligatr
|-boost|p2a: Feraligatr|atk|1
|-boost|p2a: Feraligatr|spe|1
|
|upkeep
|turn|2
|
|t:|1772750345
|move|p1a: Flygon|Outrage|p2a: Feraligatr
|-damage|p2a: Feraligatr|99/264
|move|p2a: Feraligatr|Ice Punch|p1a: Flygon
|-supereffective|p1a: Flygon
|-damage|p1a: Flygon|0 fnt
|faint|p1a: Flygon
|
|upkeep
|
|t:|1772750360
|switch|p1a: Baxcalibur|Baxcalibur, L75, F|296/296
|turn|3
|
|t:|1772750370
|move|p2a: Feraligatr|Ice Punch|p1a: Baxcalibur
|-damage|p1a: Baxcalibur|167/296
|move|p1a: Baxcalibur|Dragon Dance|p1a: Baxcalibur
|-boost|p1a: Baxcalibur|atk|1
|-boost|p1a: Baxcalibur|spe|1
|
|upkeep
|turn|4
|
|t:|1772750382
|move|p1a: Baxcalibur|Glaive Rush|p2a: Feraligatr
|-damage|p2a: Feraligatr|0 fnt
|-singlemove|p1a: Baxcalibur|Glaive Rush|[silent]
|faint|p2a: Feraligatr
|
|upkeep
|
|t:|1772750388
|switch|p2a: Arceus|Arceus-Rock, L74|300/300
|turn|5
|
|t:|1772750400
|move|p1a: Baxcalibur|Earthquake|p2a: Arceus
|-supereffective|p2a: Arceus
|-damage|p2a: Arceus|84/300
|move|p2a: Arceus|Judgment|p1a: Baxcalibur
|-supereffective|p1a: Baxcalibur
|-damage|p1a: Baxcalibur|0 fnt
|faint|p1a: Baxcalibur
|
|upkeep
|
|t:|1772750409
|switch|p1a: Great Tusk|Great Tusk, L77|304/304
|turn|6
|
|t:|1772750421
|switch|p2a: Slither Wing|Slither Wing, L81|270/270
|move|p1a: Great Tusk|Bulk Up|p1a: Great Tusk
|-boost|p1a: Great Tusk|atk|1
|-boost|p1a: Great Tusk|def|1
|
|upkeep
|turn|7
|
|t:|1772750431
|-end|p1a: Great Tusk|Protosynthesis|[silent]
|switch|p1a: Dodrio|Dodrio, L85, M|241/241
|move|p2a: Slither Wing|Will-O-Wisp|p1a: Dodrio
|-status|p1a: Dodrio|brn
|
|-damage|p1a: Dodrio|226/241 brn|[from] brn
|upkeep
|turn|8
|
|t:|1772750439
|-end|p2a: Slither Wing|Protosynthesis|[silent]
|switch|p2a: Arceus|Arceus-Rock, L74|84/300
|move|p1a: Dodrio|Drill Run|p2a: Arceus
|-supereffective|p2a: Arceus
|-damage|p2a: Arceus|0 fnt
|faint|p2a: Arceus
|
|-damage|p1a: Dodrio|211/241 brn|[from] brn
|upkeep
|
|t:|1772750445
|switch|p2a: Garchomp|Garchomp, L74, M|282/282
|turn|9
|
|t:|1772750451
|switch|p1a: Great Tusk|Great Tusk, L77|304/304
|move|p2a: Garchomp|Stealth Rock|p1a: Great Tusk
|-sidestart|p1: hannibal nectar|move: Stealth Rock
|
|upkeep
|turn|10
|
|t:|1772750456
|switch|p2a: Slither Wing|Slither Wing, L81|270/270
|-end|p1a: Great Tusk|Protosynthesis|[silent]
|switch|p1a: Palafin|Palafin, L77, M|281/281
|-damage|p1a: Palafin|246/281|[from] Stealth Rock
|
|-heal|p1a: Palafin|263/281|[from] item: Leftovers
|upkeep
|turn|11
|
|t:|1772750464
|detailschange|p1a: Palafin|Palafin-Hero, L77, M
|switch|p1a: Dodrio|Dodrio, L85, M|211/241 brn
|-damage|p1a: Dodrio|151/241 brn|[from] Stealth Rock
|move|p2a: Slither Wing|Will-O-Wisp|p1a: Dodrio
|-fail|p1a: Dodrio|brn
|
|-damage|p1a: Dodrio|136/241 brn|[from] brn
|upkeep
|turn|12
|
|t:|1772750472
|-end|p2a: Slither Wing|Protosynthesis|[silent]
|switch|p2a: Garchomp|Garchomp, L74, M|282/282
|move|p1a: Dodrio|Brave Bird|p2a: Garchomp
|-damage|p2a: Garchomp|162/282
|-damage|p1a: Dodrio|106/241 brn|[from] ability: Rough Skin|[of] p2a: Garchomp
|-damage|p1a: Dodrio|66/241 brn|[from] item: Rocky Helmet|[of] p2a: Garchomp
|-damage|p1a: Dodrio|26/241 brn|[from] Recoil
|
|-damage|p1a: Dodrio|11/241 brn|[from] brn
|upkeep
|turn|13
|
|t:|1772750493
|move|p1a: Dodrio|Brave Bird|p2a: Garchomp
|-damage|p2a: Garchomp|39/282
|-damage|p1a: Dodrio|0 fnt|[from] ability: Rough Skin|[of] p2a: Garchomp
|faint|p1a: Dodrio
|move|p2a: Garchomp|Outrage|p1: Dodrio|[notarget]
|-fail|p2a: Garchomp
|
|upkeep
|
|t:|1772750502
|switch|p1a: Palafin|Palafin-Hero, L77, M|263/281
|-damage|p1a: Palafin|228/281|[from] Stealth Rock
|-activate|p1a: Palafin|ability: Zero to Hero
|turn|14
|
|t:|1772750507
|move|p1a: Palafin|Bulk Up|p1a: Palafin
|-boost|p1a: Palafin|atk|1
|-boost|p1a: Palafin|def|1
|move|p2a: Garchomp|Outrage|p1a: Palafin
|-damage|p1a: Palafin|146/281
|
|-heal|p1a: Palafin|163/281|[from] item: Leftovers
|upkeep
|turn|15
|
|t:|1772750515
|move|p1a: Palafin|Bulk Up|p1a: Palafin
|-boost|p1a: Palafin|atk|1
|-boost|p1a: Palafin|def|1
|move|p2a: Garchomp|Outrage|p1a: Palafin|[from] lockedmove
|-damage|p1a: Palafin|96/281
|
|-heal|p1a: Palafin|113/281|[from] item: Leftovers
|upkeep
|turn|16
|
|t:|1772750521
|move|p1a: Palafin|Drain Punch|p2a: Garchomp
|-damage|p2a: Garchomp|0 fnt
|-heal|p1a: Palafin|133/281|[from] drain|[of] p2a: Garchomp
|-damage|p1a: Palafin|98/281|[from] ability: Rough Skin|[of] p2a: Garchomp
|-damage|p1a: Palafin|52/281|[from] item: Rocky Helmet|[of] p2a: Garchomp
|faint|p2a: Garchomp
|
|-heal|p1a: Palafin|69/281|[from] item: Leftovers
|upkeep
|
|t:|1772750532
|switch|p2a: Sceptile|Sceptile, L87, F|264/264
|turn|17
|
|t:|1772750555
|-terastallize|p1a: Palafin|Dragon
|move|p2a: Sceptile|Shed Tail|p2a: Sceptile
|-start|p2a: Sceptile|Substitute|[from] move: Shed Tail
|-damage|p2a: Sceptile|132/264
|
|t:|1772750563
|switch|p2a: Slither Wing|Slither Wing, L81|270/270|[from] Shed Tail
|move|p1a: Palafin|Ice Punch|p2a: Slither Wing
|-end|p2a: Slither Wing|Substitute
|
|-heal|p1a: Palafin|86/281|[from] item: Leftovers
|upkeep
|turn|18
|
|t:|1772750575
|move|p1a: Palafin|Jet Punch|p2a: Slither Wing
|-damage|p2a: Slither Wing|99/270
|move|p2a: Slither Wing|Will-O-Wisp|p1a: Palafin
|-status|p1a: Palafin|brn
|
|-heal|p1a: Palafin|103/281 brn|[from] item: Leftovers
|-damage|p1a: Palafin|86/281 brn|[from] brn
|upkeep
|turn|19
|
|t:|1772750583
|move|p1a: Palafin|Jet Punch|p2a: Slither Wing
|-damage|p2a: Slither Wing|6/270
|move|p2a: Slither Wing|Morning Sun|p2a: Slither Wing
|-heal|p2a: Slither Wing|141/270
|
|-heal|p1a: Palafin|103/281 brn|[from] item: Leftovers
|-damage|p1a: Palafin|86/281 brn|[from] brn
|upkeep
|turn|20
|
|t:|1772750597
|move|p1a: Palafin|Bulk Up|p1a: Palafin
|-boost|p1a: Palafin|atk|1
|-boost|p1a: Palafin|def|1
|move|p2a: Slither Wing|Morning Sun|p2a: Slither Wing
|-heal|p2a: Slither Wing|270/270
|
|-heal|p1a: Palafin|103/281 brn|[from] item: Leftovers
|-damage|p1a: Palafin|86/281 brn|[from] brn
|upkeep
|turn|21
|
|t:|1772750605
|move|p1a: Palafin|Jet Punch|p2a: Slither Wing
|-damage|p2a: Slither Wing|153/270
|move|p2a: Slither Wing|U-turn|p1a: Palafin
|-damage|p1a: Palafin|47/281 brn
|
|t:|1772750612
|-end|p2a: Slither Wing|Protosynthesis|[silent]
|switch|p2a: Sceptile|Sceptile, L87, F|132/264|[from] U-turn
|
|-heal|p1a: Palafin|64/281 brn|[from] item: Leftovers
|-damage|p1a: Palafin|47/281 brn|[from] brn
|upkeep
|turn|22
|
|t:|1772750616
|move|p2a: Sceptile|Giga Drain|p1a: Palafin
|-resisted|p1a: Palafin
|-damage|p1a: Palafin|0 fnt
|-heal|p2a: Sceptile|156/264|[from] drain|[of] p1a: Palafin
|faint|p1a: Palafin
|-damage|p2a: Sceptile|130/264|[from] item: Life Orb
|
|upkeep
|
|t:|1772750620
|switch|p1a: Solgaleo|Solgaleo, L74|325/325
|-damage|p1a: Solgaleo|305/325|[from] Stealth Rock
|turn|23
|inactive|molfus has 120 seconds left.
|
|t:|1772750660
|move|p2a: Sceptile|Earthquake|p1a: Solgaleo
|-supereffective|p1a: Solgaleo
|-damage|p1a: Solgaleo|120/325
|-enditem|p1a: Solgaleo|Weakness Policy
|-boost|p1a: Solgaleo|atk|2|[from] item: Weakness Policy
|-boost|p1a: Solgaleo|spa|2|[from] item: Weakness Policy
|-damage|p2a: Sceptile|104/264|[from] item: Life Orb
|move|p1a: Solgaleo|Flame Charge|p2a: Sceptile
|-supereffective|p2a: Sceptile
|-damage|p2a: Sceptile|0 fnt
|-boost|p1a: Solgaleo|spe|1
|faint|p2a: Sceptile
|
|upkeep
|
|t:|1772750668
|switch|p2a: Greedent|Greedent, L86, M|347/347
|turn|24
|
|t:|1772750676
|move|p1a: Solgaleo|Close Combat|p2a: Greedent
|-supereffective|p2a: Greedent
|-damage|p2a: Greedent|15/347
|-unboost|p1a: Solgaleo|def|1
|-unboost|p1a: Solgaleo|spd|1
|-enditem|p2a: Greedent|Sitrus Berry|[eat]
|-heal|p2a: Greedent|101/347|[from] item: Sitrus Berry
|-heal|p2a: Greedent|216/347|[from] ability: Cheek Pouch
|move|p2a: Greedent|Earthquake|p1a: Solgaleo
|-supereffective|p1a: Solgaleo
|-damage|p1a: Solgaleo|0 fnt
|faint|p1a: Solgaleo
|
|upkeep
|
|t:|1772750681
|switch|p1a: Great Tusk|Great Tusk, L77|304/304
|-damage|p1a: Great Tusk|295/304|[from] Stealth Rock
|turn|25
|
|t:|1772750689
|move|p1a: Great Tusk|Rapid Spin|p2a: Greedent
|-damage|p2a: Greedent|182/347
|-boost|p1a: Great Tusk|spe|1
|-sideend|p1: hannibal nectar|Stealth Rock|[from] move: Rapid Spin|[of] p1a: Great Tusk
|move|p2a: Greedent|Body Slam|p1a: Great Tusk
|-damage|p1a: Great Tusk|226/304
|
|-heal|p1a: Great Tusk|245/304|[from] item: Leftovers
|upkeep
|turn|26
|
|t:|1772750699
|move|p1a: Great Tusk|Bulk Up|p1a: Great Tusk
|-boost|p1a: Great Tusk|atk|1
|-boost|p1a: Great Tusk|def|1
|move|p2a: Greedent|Body Slam|p1a: Great Tusk
|-damage|p1a: Great Tusk|199/304
|
|-heal|p1a: Great Tusk|218/304|[from] item: Leftovers
|upkeep
|turn|27
|
|t:|1772750714
|switch|p2a: Slither Wing|Slither Wing, L81|153/270
|move|p1a: Great Tusk|Bulk Up|p1a: Great Tusk
|-boost|p1a: Great Tusk|atk|1
|-boost|p1a: Great Tusk|def|1
|
|-heal|p1a: Great Tusk|237/304|[from] item: Leftovers
|upkeep
|turn|28
|
|t:|1772750728
|move|p1a: Great Tusk|Close Combat|p2a: Slither Wing
|-resisted|p2a: Slither Wing
|-damage|p2a: Slither Wing|0 fnt
|-unboost|p1a: Great Tusk|def|1
|-unboost|p1a: Great Tusk|spd|1
|faint|p2a: Slither Wing
|-end|p2a: Slither Wing|Protosynthesis|[silent]
|
|-heal|p1a: Great Tusk|256/304|[from] item: Leftovers
|upkeep
|
|t:|1772750731
|switch|p2a: Greedent|Greedent, L86, M|182/347
|turn|29
|
|t:|1772750735
|-terastallize|p2a: Greedent|Ground
|move|p1a: Great Tusk|Earthquake|p2a: Greedent
|-damage|p2a: Greedent|0 fnt
|faint|p2a: Greedent
|
|win|hannibal nectar
|raw|hannibal nectar's rating: 1740 &rarr; <strong>1762</strong><br />(+22 for winning)
|raw|molfus's rating: 1782 &rarr; <strong>1760</strong><br />(-22 for losing)
