|j|☆FU** you shhh
|j|☆Sigmaboiiiii
|t:|1776974343
|gametype|singles
|player|p1|FU** you shhh|schoolkidf|
|player|p2|Sigmaboiiiii|preschoolerf|
|gen|9
|tier|[Gen 9] Random Battle
|rule|Species Clause: Limit one of each Pokémon
|rule|HP Percentage Mod: HP is shown in percentages
|rule|Sleep Clause Mod: Limit one foe put to sleep
|rule|Illusion Level Mod: Illusion disguises the Pokémon's true level
|
|t:|1776974344
|teamsize|p1|6
|teamsize|p2|6
|start
|switch|p1a: Raichu|Raichu-Alola, L87, F|246/246
|switch|p2a: Slither Wing|Slither Wing, L81|270/270
|turn|1
|
|t:|1776974362
|-end|p2a: Slither Wing|Protosynthesis|[silent]
|switch|p2a: Blastoise|Blastoise, L80, M|258/258
|move|p1a: Raichu|Thunderbolt|p2a: Blastoise
|-supereffective|p2a: Blastoise
|-damage|p2a: Blastoise|29/258
|-damage|p1a: Raichu|222/246|[from] item: Life Orb
|
|upkeep
|turn|2
|
|t:|1776974373
|move|p1a: Raichu|Psyshock|p2a: Blastoise
|-damage|p2a: Blastoise|0 fnt
|faint|p2a: Blastoise
|-damage|p1a: Raichu|198/246|[from] item: Life Orb
|
|upkeep
|
|t:|1776974379
|switch|p2a: Rotom|Rotom-Frost, L87|229/229
|turn|3
|
|t:|1776974396
|move|p1a: Raichu|Focus Blast|p2a: Rotom
|-supereffective|p2a: Rotom
|-damage|p2a: Rotom|42/229
|-damage|p1a: Raichu|174/246|[from] item: Life Orb
|move|p2a: Rotom|Thunderbolt|p1a: Raichu
|-resisted|p1a: Raichu
|-damage|p1a: Raichu|120/246
|
|upkeep
|turn|4
|
|t:|1776974409
|move|p1a: Raichu|Psyshock|p2a: Rotom
|-damage|p2a: Rotom|0 fnt
|faint|p2a: Rotom
|-damage|p1a: Raichu|96/246|[from] item: Life Orb
|
|upkeep
|
|t:|1776974419
|switch|p2a: Umbreon|Umbreon, L84, F|297/297
|turn|5
|
|t:|1776974427
|move|p1a: Raichu|Focus Blast|p2a: Umbreon|[miss]
|-miss|p1a: Raichu|p2a: Umbreon
|move|p2a: Umbreon|Toxic|p1a: Raichu
|-status|p1a: Raichu|tox
|
|-damage|p1a: Raichu|81/246 tox|[from] psn
|upkeep
|turn|6
|
|t:|1776974436
|move|p1a: Raichu|Focus Blast|p2a: Umbreon
|-supereffective|p2a: Umbreon
|-damage|p2a: Umbreon|131/297
|-unboost|p2a: Umbreon|spd|1
|-damage|p1a: Raichu|57/246 tox|[from] item: Life Orb
|move|p2a: Umbreon|Foul Play|p1a: Raichu
|-supereffective|p1a: Raichu
|-damage|p1a: Raichu|0 fnt
|faint|p1a: Raichu
|
|-heal|p2a: Umbreon|149/297|[from] item: Leftovers
|upkeep
|
|t:|1776974458
|switch|p1a: Magcargo|Magcargo, L95, M|268/268
|turn|7
|
|t:|1776974465
|move|p2a: Umbreon|Protect|p2a: Umbreon
|-singleturn|p2a: Umbreon|Protect
|move|p1a: Magcargo|Power Gem|p2a: Umbreon
|-activate|p2a: Umbreon|move: Protect
|
|-heal|p2a: Umbreon|167/297|[from] item: Leftovers
|upkeep
|turn|8
|
|t:|1776974477
|move|p2a: Umbreon|Protect||[still]
|-fail|p2a: Umbreon
|move|p1a: Magcargo|Fire Blast|p2a: Umbreon
|-damage|p2a: Umbreon|8/297
|-status|p2a: Umbreon|brn
|-activate|p2a: Umbreon|ability: Synchronize
|-immune|p1a: Magcargo
|
|-heal|p2a: Umbreon|26/297 brn|[from] item: Leftovers
|-damage|p2a: Umbreon|8/297 brn|[from] brn
|upkeep
|turn|9
|
|t:|1776974497
|move|p2a: Umbreon|Wish|p2a: Umbreon
|move|p1a: Magcargo|Shell Smash|p1a: Magcargo
|-unboost|p1a: Magcargo|def|1
|-unboost|p1a: Magcargo|spd|1
|-boost|p1a: Magcargo|atk|2
|-boost|p1a: Magcargo|spa|2
|-boost|p1a: Magcargo|spe|2
|
|-heal|p2a: Umbreon|26/297 brn|[from] item: Leftovers
|-damage|p2a: Umbreon|8/297 brn|[from] brn
|upkeep
|turn|10
|
|t:|1776974507
|move|p1a: Magcargo|Shell Smash|p1a: Magcargo
|-unboost|p1a: Magcargo|def|1
|-unboost|p1a: Magcargo|spd|1
|-boost|p1a: Magcargo|atk|2
|-boost|p1a: Magcargo|spa|2
|-boost|p1a: Magcargo|spe|2
|move|p2a: Umbreon|Foul Play|p1a: Magcargo
|-damage|p1a: Magcargo|173/268
|-ability|p1a: Magcargo|Weak Armor|boost
|-unboost|p1a: Magcargo|def|1
|-boost|p1a: Magcargo|spe|2
|
|-heal|p2a: Umbreon|156/297 brn|[from] move: Wish|[wisher] Umbreon
|-heal|p2a: Umbreon|174/297 brn|[from] item: Leftovers
|-damage|p2a: Umbreon|156/297 brn|[from] brn
|upkeep
|turn|11
|
|t:|1776974524
|move|p1a: Magcargo|Fire Blast|p2a: Umbreon
|-crit|p2a: Umbreon
|-damage|p2a: Umbreon|0 fnt
|faint|p2a: Umbreon
|
|upkeep
|
|t:|1776974534
|switch|p2a: Whiscash|Whiscash, L88, M|337/337
|turn|12
|
|t:|1776974544
|move|p1a: Magcargo|Power Gem|p2a: Whiscash
|-resisted|p2a: Whiscash
|-damage|p2a: Whiscash|174/337
|move|p2a: Whiscash|Stone Edge|p1a: Magcargo
|-supereffective|p1a: Magcargo
|-damage|p1a: Magcargo|0 fnt
|faint|p1a: Magcargo
|-damage|p2a: Whiscash|141/337|[from] item: Life Orb
|
|upkeep
|
|t:|1776974560
|switch|p1a: Orthworm|Orthworm, L88, M|266/266
|turn|13
|
|t:|1776974574
|switch|p2a: Slither Wing|Slither Wing, L81|270/270
|move|p1a: Orthworm|Body Press|p2a: Slither Wing
|-resisted|p2a: Slither Wing
|-damage|p2a: Slither Wing|221/270
|
|upkeep
|turn|14
|
|t:|1776974585
|move|p2a: Slither Wing|Close Combat|p1a: Orthworm
|-supereffective|p1a: Orthworm
|-damage|p1a: Orthworm|72/266
|-unboost|p2a: Slither Wing|def|1
|-unboost|p2a: Slither Wing|spd|1
|move|p1a: Orthworm|Coil|p1a: Orthworm
|-boost|p1a: Orthworm|atk|1
|-boost|p1a: Orthworm|def|1
|-boost|p1a: Orthworm|accuracy|1
|
|upkeep
|turn|15
|
|t:|1776974597
|move|p2a: Slither Wing|Close Combat|p1a: Orthworm
|-supereffective|p1a: Orthworm
|-damage|p1a: Orthworm|0 fnt
|-unboost|p2a: Slither Wing|def|1
|-unboost|p2a: Slither Wing|spd|1
|faint|p1a: Orthworm
|
|upkeep
|
|t:|1776974606
|switch|p1a: Volcarona|Volcarona, L77, M|257/257
|turn|16
|
|t:|1776974623
|move|p1a: Volcarona|Fire Blast|p2a: Slither Wing|[miss]
|-miss|p1a: Volcarona|p2a: Slither Wing
|move|p2a: Slither Wing|Will-O-Wisp|p1a: Volcarona
|-immune|p1a: Volcarona
|
|upkeep
|turn|17
|
|t:|1776974633
|move|p1a: Volcarona|Fire Blast|p2a: Slither Wing
|-supereffective|p2a: Slither Wing
|-damage|p2a: Slither Wing|0 fnt
|faint|p2a: Slither Wing
|-end|p2a: Slither Wing|Protosynthesis|[silent]
|
|upkeep
|
|t:|1776974639
|switch|p2a: Whiscash|Whiscash, L88, M|141/337
|turn|18
|
|t:|1776974644
|move|p1a: Volcarona|Morning Sun|p1a: Volcarona
|-fail|p1a: Volcarona|heal
|move|p2a: Whiscash|Liquidation|p1a: Volcarona
|-supereffective|p1a: Volcarona
|-damage|p1a: Volcarona|0 fnt
|faint|p1a: Volcarona
|-damage|p2a: Whiscash|108/337|[from] item: Life Orb
|
|upkeep
|
|t:|1776974653
|switch|p1a: Enamorus|Enamorus, L79, F|247/247
|turn|19
|
|t:|1776974669
|move|p1a: Enamorus|Superpower|p2a: Whiscash
|-damage|p2a: Whiscash|17/337
|-boost|p1a: Enamorus|atk|1
|-boost|p1a: Enamorus|def|1
|move|p2a: Whiscash|Earthquake|p1a: Enamorus
|-immune|p1a: Enamorus
|
|upkeep
|turn|20
|
|t:|1776974681
|move|p1a: Enamorus|Superpower|p2a: Whiscash
|-crit|p2a: Whiscash
|-damage|p2a: Whiscash|0 fnt
|-boost|p1a: Enamorus|atk|1
|-boost|p1a: Enamorus|def|1
|faint|p2a: Whiscash
|
|upkeep
|
|t:|1776974699
|switch|p2a: Spidops|Spidops, L96, M|271/271
|turn|21
|
|t:|1776974711
|move|p1a: Enamorus|Superpower|p2a: Spidops
|-resisted|p2a: Spidops
|-damage|p2a: Spidops|195/271
|-boost|p1a: Enamorus|atk|1
|-boost|p1a: Enamorus|def|1
|move|p2a: Spidops|Knock Off|p1a: Enamorus
|-resisted|p1a: Enamorus
|-damage|p1a: Enamorus|227/247
|-enditem|p1a: Enamorus|Leftovers|[from] move: Knock Off|[of] p2a: Spidops
|
|upkeep
|turn|22
|
|t:|1776974731
|move|p1a: Enamorus|Taunt|p2a: Spidops
|-start|p2a: Spidops|move: Taunt
|cant|p2a: Spidops|move: Taunt|Sticky Web
|
|upkeep
|turn|23
|
|t:|1776974740
|move|p1a: Enamorus|Substitute|p1a: Enamorus
|-start|p1a: Enamorus|Substitute
|-damage|p1a: Enamorus|166/247
|move|p2a: Spidops|Circle Throw|p1a: Enamorus
|-resisted|p1a: Enamorus
|-activate|p1a: Enamorus|move: Substitute|[damage]
|
|upkeep
|turn|24
|
|t:|1776974749
|move|p1a: Enamorus|Substitute|p1a: Enamorus
|-fail|p1a: Enamorus|move: Substitute
|move|p2a: Spidops|Knock Off|p1a: Enamorus
|-resisted|p1a: Enamorus
|-activate|p1a: Enamorus|move: Substitute|[damage]
|
|-end|p2a: Spidops|move: Taunt
|upkeep
|turn|25
|
|t:|1776974756
|move|p1a: Enamorus|Taunt|p2a: Spidops
|-start|p2a: Spidops|move: Taunt
|cant|p2a: Spidops|move: Taunt|Spikes
|
|upkeep
|turn|26
|
|t:|1776974776
|-terastallize|p2a: Spidops|Ghost
|move|p1a: Enamorus|Taunt||[still]
|-fail|p1a: Enamorus
|move|p2a: Spidops|Circle Throw|p1a: Enamorus
|-resisted|p1a: Enamorus
|-activate|p1a: Enamorus|move: Substitute|[damage]
|
|upkeep
|turn|27
|
|t:|1776974787
|-terastallize|p1a: Enamorus|Fighting
|move|p1a: Enamorus|Play Rough|p2a: Spidops|[miss]
|-miss|p1a: Enamorus|p2a: Spidops
|move|p2a: Spidops|Circle Throw|p1a: Enamorus
|-activate|p1a: Enamorus|move: Substitute|[damage]
|
|-end|p2a: Spidops|move: Taunt
|upkeep
|turn|28
|
|t:|1776974802
|move|p1a: Enamorus|Play Rough|p2a: Spidops
|-damage|p2a: Spidops|0 fnt
|faint|p2a: Spidops
|
|win|FU** you shhh
|l|☆FU** you shhh
|player|p1|
