|j|☆tinkaterrorist
|j|☆zticma
|t:|1776979005
|gametype|singles
|player|p1|tinkaterrorist|elesa|1648
|player|p2|zticma|1|1659
|gen|9
|tier|[Gen 9] Random Battle
|rated|
|rule|Species Clause: Limit one of each Pokémon
|rule|HP Percentage Mod: HP is shown in percentages
|rule|Sleep Clause Mod: Limit one foe put to sleep
|rule|Illusion Level Mod: Illusion disguises the Pokémon's true level
|
|t:|1776979006
|teamsize|p1|6
|teamsize|p2|6
|start
|switch|p1a: Regirock|Regirock, L83|268/268
|switch|p2a: Latias|Latias, L79, F|256/256
|turn|1
|inactive|Battle timer is ON: inactive players will automatically lose when time's up. (requested by tinkaterrorist)
|
|t:|1776979026
|move|p2a: Latias|Calm Mind|p2a: Latias
|-boost|p2a: Latias|spa|1
|-boost|p2a: Latias|spd|1
|move|p1a: Regirock|Thunder Wave|p2a: Latias
|-status|p2a: Latias|par
|
|upkeep
|turn|2
|
|t:|1776979040
|switch|p1a: Meloetta|Meloetta, L82|298/298
|move|p2a: Latias|Calm Mind|p2a: Latias
|-boost|p2a: Latias|spa|1
|-boost|p2a: Latias|spd|1
|
|upkeep
|turn|3
|
|t:|1776979050
|move|p1a: Meloetta|Relic Song|p2a: Latias
|-damage|p2a: Latias|209/256 par
|-formechange|p1a: Meloetta|Meloetta-Pirouette|[msg]
|-damage|p1a: Meloetta|269/298|[from] item: Life Orb
|move|p2a: Latias|Draco Meteor|p1a: Meloetta
|-damage|p1a: Meloetta|0 fnt
|-unboost|p2a: Latias|spa|2
|faint|p1a: Meloetta
|
|upkeep
|
|t:|1776979065
|switch|p1a: Dudunsparce|Dudunsparce, L83, F|343/343
|turn|4
|
|t:|1776979083
|move|p1a: Dudunsparce|Headbutt|p2a: Latias
|-damage|p2a: Latias|134/256 par
|cant|p2a: Latias|flinch
|
|upkeep
|turn|5
|
|t:|1776979090
|switch|p2a: Mismagius|Mismagius, L86, M|243/243
|move|p1a: Dudunsparce|Headbutt|p2a: Mismagius
|-immune|p2a: Mismagius
|
|upkeep
|turn|6
|
|t:|1776979094
|move|p2a: Mismagius|Trick|p1a: Dudunsparce
|-activate|p2a: Mismagius|move: Trick|[of] p1a: Dudunsparce
|-item|p1a: Dudunsparce|Choice Specs|[from] move: Trick
|-item|p2a: Mismagius|Leftovers|[from] move: Trick
|move|p1a: Dudunsparce|Glare|p2a: Mismagius
|-status|p2a: Mismagius|par
|
|upkeep
|turn|7
|
|t:|1776979110
|switch|p1a: Regirock|Regirock, L83|268/268
|move|p2a: Mismagius|Shadow Ball|p1a: Regirock
|-damage|p1a: Regirock|189/268
|
|-heal|p1a: Regirock|205/268|[from] item: Leftovers
|upkeep
|turn|8
|
|t:|1776979129
|move|p1a: Regirock|Stealth Rock|p2a: Mismagius
|-sidestart|p2: zticma|move: Stealth Rock
|move|p2a: Mismagius|Shadow Ball|p1a: Regirock
|-damage|p1a: Regirock|126/268
|
|-heal|p1a: Regirock|142/268|[from] item: Leftovers
|upkeep
|turn|9
|
|t:|1776979133
|move|p1a: Regirock|Stone Edge|p2a: Mismagius
|-damage|p2a: Mismagius|104/243 par
|move|p2a: Mismagius|Shadow Ball|p1a: Regirock
|-damage|p1a: Regirock|60/268
|
|-heal|p1a: Regirock|76/268|[from] item: Leftovers
|-heal|p2a: Mismagius|119/243 par|[from] item: Leftovers
|upkeep
|turn|10
|
|t:|1776979142
|switch|p2a: Leafeon|Leafeon, L88, F|258/258
|-damage|p2a: Leafeon|226/258|[from] Stealth Rock
|move|p1a: Regirock|Stone Edge|p2a: Leafeon
|-crit|p2a: Leafeon
|-damage|p2a: Leafeon|111/258
|
|-heal|p1a: Regirock|92/268|[from] item: Leftovers
|upkeep
|turn|11
|
|t:|1776979148
|switch|p1a: Thundurus|Thundurus, L80, M|258/258
|move|p2a: Leafeon|Leaf Blade|p1a: Thundurus
|-resisted|p1a: Thundurus
|-damage|p1a: Thundurus|157/258
|-damage|p2a: Leafeon|86/258|[from] item: Life Orb
|
|upkeep
|turn|12
|
|t:|1776979155
|switch|p2a: Latias|Latias, L79, F|134/256 par
|-damage|p2a: Latias|102/256 par|[from] Stealth Rock
|move|p1a: Thundurus|Focus Blast|p2a: Latias
|-resisted|p2a: Latias
|-damage|p2a: Latias|67/256 par
|-unboost|p2a: Latias|spd|1
|
|upkeep
|turn|13
|
|t:|1776979161
|move|p1a: Thundurus|Knock Off|p2a: Latias
|-supereffective|p2a: Latias
|-damage|p2a: Latias|0 fnt
|-enditem|p2a: Latias|Soul Dew|[from] move: Knock Off|[of] p1a: Thundurus
|faint|p2a: Latias
|
|upkeep
|
|t:|1776979164
|switch|p2a: Kleavor|Kleavor, L78, M|237/237
|turn|14
|
|t:|1776979181
|switch|p1a: Regirock|Regirock, L83|92/268
|move|p2a: Kleavor|Stone Axe|p1a: Regirock
|-damage|p1a: Regirock|26/268
|-sidestart|p1: tinkaterrorist|move: Stealth Rock
|
|-heal|p1a: Regirock|42/268|[from] item: Leftovers
|upkeep
|turn|15
|
|t:|1776979189
|move|p2a: Kleavor|X-Scissor|p1a: Regirock
|-damage|p1a: Regirock|0 fnt
|faint|p1a: Regirock
|
|upkeep
|
|t:|1776979192
|switch|p1a: Basculegion|Basculegion-F, L83, F|335/335
|-damage|p1a: Basculegion|294/335|[from] Stealth Rock
|turn|16
|
|t:|1776979197
|move|p2a: Kleavor|Stone Axe|p1a: Basculegion
|-damage|p1a: Basculegion|138/335
|move|p1a: Basculegion|Wave Crash|p2a: Kleavor
|-supereffective|p2a: Kleavor
|-damage|p2a: Kleavor|0 fnt
|faint|p2a: Kleavor
|-damage|p1a: Basculegion|60/335|[from] Recoil
|
|upkeep
|
|t:|1776979207
|switch|p2a: Vikavolt|Vikavolt, L83, M|263/263
|turn|17
|
|t:|1776979212
|move|p1a: Basculegion|Wave Crash|p2a: Vikavolt
|-damage|p2a: Vikavolt|103/263
|-damage|p1a: Basculegion|7/335|[from] Recoil
|move|p2a: Vikavolt|Sticky Web|p1a: Basculegion
|-sidestart|p1: tinkaterrorist|move: Sticky Web
|
|upkeep
|turn|18
|
|t:|1776979219
|move|p1a: Basculegion|Wave Crash|p2a: Vikavolt
|-damage|p2a: Vikavolt|0 fnt
|faint|p2a: Vikavolt
|-damage|p1a: Basculegion|0 fnt|[from] Recoil
|faint|p1a: Basculegion
|
|upkeep
|
|t:|1776979225
|switch|p1a: Thundurus|Thundurus, L80, M|157/258
|switch|p2a: Leafeon|Leafeon, L88, F|86/258
|-damage|p2a: Leafeon|54/258|[from] Stealth Rock
|turn|19
|
|t:|1776979230
|move|p1a: Thundurus|Thunderbolt|p2a: Leafeon
|-resisted|p2a: Leafeon
|-damage|p2a: Leafeon|0 fnt
|faint|p2a: Leafeon
|
|upkeep
|
|t:|1776979233
|switch|p2a: Mismagius|Mismagius, L86, M|119/243 par
|-damage|p2a: Mismagius|89/243 par|[from] Stealth Rock
|turn|20
|
|t:|1776979235
|move|p1a: Thundurus|Knock Off|p2a: Mismagius
|-supereffective|p2a: Mismagius
|-damage|p2a: Mismagius|0 fnt
|-enditem|p2a: Mismagius|Leftovers|[from] move: Knock Off|[of] p1a: Thundurus
|faint|p2a: Mismagius
|
|upkeep
|
|t:|1776979237
|switch|p2a: Infernape|Infernape, L82, M|259/259
|-damage|p2a: Infernape|227/259|[from] Stealth Rock
|turn|21
|
|t:|1776979242
|-terastallize|p2a: Infernape|Fire
|move|p2a: Infernape|Flare Blitz|p1a: Thundurus
|-damage|p1a: Thundurus|0 fnt
|faint|p1a: Thundurus
|-damage|p2a: Infernape|175/259|[from] Recoil
|-damage|p2a: Infernape|150/259|[from] item: Life Orb
|
|upkeep
|
|t:|1776979250
|switch|p1a: Dudunsparce|Dudunsparce, L83, F|343/343
|-damage|p1a: Dudunsparce|301/343|[from] Stealth Rock
|-activate|p1a: Dudunsparce|move: Sticky Web
|-unboost|p1a: Dudunsparce|spe|1
|turn|22
|
|t:|1776979263
|-terastallize|p1a: Dudunsparce|Ghost
|move|p2a: Infernape|Flare Blitz|p1a: Dudunsparce
|-damage|p1a: Dudunsparce|77/343
|-damage|p2a: Infernape|76/259|[from] Recoil
|-damage|p2a: Infernape|51/259|[from] item: Life Orb
|move|p1a: Dudunsparce|Glare|p2a: Infernape
|-status|p2a: Infernape|par
|
|upkeep
|turn|23
|
|t:|1776979270
|move|p2a: Infernape|Flare Blitz|p1a: Dudunsparce
|-damage|p1a: Dudunsparce|0 fnt
|faint|p1a: Dudunsparce
|-damage|p2a: Infernape|26/259 par|[from] Recoil
|-damage|p2a: Infernape|1/259 par|[from] item: Life Orb
|
|upkeep
|
|t:|1776979271
|switch|p1a: Sylveon|Sylveon, L85, F|300/300
|-damage|p1a: Sylveon|263/300|[from] Stealth Rock
|-activate|p1a: Sylveon|move: Sticky Web
|-unboost|p1a: Sylveon|spe|1
|turn|24
|
|t:|1776979277
|move|p2a: Infernape|Flare Blitz|p1a: Sylveon
|-damage|p1a: Sylveon|0 fnt
|faint|p1a: Sylveon
|-damage|p2a: Infernape|0 fnt|[from] Recoil
|faint|p2a: Infernape
|
|win|zticma
|raw|tinkaterrorist's rating: 1648 &rarr; <strong>1629</strong><br />(-19 for losing)
|raw|zticma's rating: 1659 &rarr; <strong>1678</strong><br />(+19 for winning)
