|j|☆Grenblze7475
|j|☆thunderblade07
|t:|1776971271
|gametype|singles
|player|p1|Grenblze7475|170|1235
|player|p2|thunderblade07|hooligans|1246
|gen|9
|tier|[Gen 9] Random Battle
|rated|
|rule|Species Clause: Limit one of each Pokémon
|rule|HP Percentage Mod: HP is shown in percentages
|rule|Sleep Clause Mod: Limit one foe put to sleep
|rule|Illusion Level Mod: Illusion disguises the Pokémon's true level
|
|t:|1776971271
|teamsize|p1|6
|teamsize|p2|6
|start
|switch|p1a: Reuniclus|Reuniclus, L88, F|337/337
|switch|p2a: Politoed|Politoed, L88, M|302/302
|-weather|RainDance|[from] ability: Drizzle|[of] p2a: Politoed
|turn|1
|inactive|Battle timer is ON: inactive players will automatically lose when time's up. (requested by Grenblze7475)
|
|t:|1776971320
|switch|p2a: Brute Bonnet|Brute Bonnet, L80|309/309
|switch|p1a: Torkoal|Torkoal, L88, F|266/266
|-weather|SunnyDay|[from] ability: Drought|[of] p1a: Torkoal
|-activate|p2a: Brute Bonnet|ability: Protosynthesis
|-start|p2a: Brute Bonnet|protosynthesisatk
|
|-weather|SunnyDay|[upkeep]
|upkeep
|turn|2
|c|☆Grenblze7475|What a gamble.
|
|t:|1776971351
|-end|p2a: Brute Bonnet|Protosynthesis|[silent]
|switch|p2a: Tentacruel|Tentacruel, L84, F|272/272
|move|p1a: Torkoal|Yawn|p2a: Tentacruel
|-start|p2a: Tentacruel|move: Yawn|[of] p1a: Torkoal
|
|-weather|SunnyDay|[upkeep]
|upkeep
|turn|3
|
|t:|1776971361
|move|p2a: Tentacruel|Surf|p1a: Torkoal
|-supereffective|p1a: Torkoal
|-damage|p1a: Torkoal|176/266
|move|p1a: Torkoal|Earthquake|p2a: Tentacruel
|-supereffective|p2a: Tentacruel
|-damage|p2a: Tentacruel|106/272
|
|-weather|SunnyDay|[upkeep]
|-heal|p2a: Tentacruel|123/272|[from] item: Leftovers
|-end|p2a: Tentacruel|move: Yawn|[silent]
|-status|p2a: Tentacruel|slp
|upkeep
|turn|4
|
|t:|1776971381
|-terastallize|p2a: Tentacruel|Flying
|cant|p2a: Tentacruel|slp
|move|p1a: Torkoal|Earthquake|p2a: Tentacruel
|-immune|p2a: Tentacruel
|
|-weather|SunnyDay|[upkeep]
|-heal|p2a: Tentacruel|140/272 slp|[from] item: Leftovers
|upkeep
|turn|5
|
|t:|1776971391
|cant|p2a: Tentacruel|slp
|move|p1a: Torkoal|Fire Blast|p2a: Tentacruel
|-damage|p2a: Tentacruel|4/272 slp
|
|-weather|none
|-heal|p2a: Tentacruel|21/272 slp|[from] item: Leftovers
|upkeep
|turn|6
|inactive|thunderblade07 has 120 seconds left.
|
|t:|1776971421
|switch|p1a: Grafaiai|Grafaiai, L86, M|249/249
|-curestatus|p2a: Tentacruel|slp|[msg]
|move|p2a: Tentacruel|Toxic Spikes|p1a: Grafaiai
|-sidestart|p1: Grenblze7475|move: Toxic Spikes
|
|-heal|p2a: Tentacruel|38/272|[from] item: Leftovers
|upkeep
|turn|7
|inactive|thunderblade07 has 120 seconds left.
|
|t:|1776971437
|switch|p2a: Jirachi|Jirachi, L80|291/291
|move|p1a: Grafaiai|Knock Off|p2a: Jirachi
|-supereffective|p2a: Jirachi
|-damage|p2a: Jirachi|155/291
|-enditem|p2a: Jirachi|Leftovers|[from] move: Knock Off|[of] p1a: Grafaiai
|
|upkeep
|turn|8
|inactive|Grenblze7475 has 120 seconds left.
|
|t:|1776971491
|move|p2a: Jirachi|Protect|p2a: Jirachi
|-singleturn|p2a: Jirachi|Protect
|move|p1a: Grafaiai|Knock Off|p2a: Jirachi
|-activate|p2a: Jirachi|move: Protect
|
|upkeep
|turn|9
|
|t:|1776971505
|switch|p2a: Hydreigon|Hydreigon, L79, M|275/275
|move|p1a: Grafaiai|Encore|p2a: Hydreigon
|-hint|Since gen 7, Dark is immune to Prankster moves.
|-immune|p2a: Hydreigon
|
|upkeep
|turn|10
|
|t:|1776971518
|move|p1a: Grafaiai|Knock Off|p2a: Hydreigon
|-resisted|p2a: Hydreigon
|-damage|p2a: Hydreigon|237/275
|-enditem|p2a: Hydreigon|Choice Specs|[from] move: Knock Off|[of] p1a: Grafaiai
|move|p2a: Hydreigon|Draco Meteor|p1a: Grafaiai
|-damage|p1a: Grafaiai|86/249
|-unboost|p2a: Hydreigon|spa|2
|
|upkeep
|turn|11
|
|t:|1776971544
|switch|p1a: Arceus|Arceus-Ice, L72|291/291
|-status|p1a: Arceus|psn
|move|p2a: Hydreigon|Flash Cannon|p1a: Arceus
|-supereffective|p1a: Arceus
|-damage|p1a: Arceus|237/291 psn
|
|-damage|p1a: Arceus|201/291 psn|[from] psn
|upkeep
|turn|12
|inactive|thunderblade07 has 90 seconds left.
|
|t:|1776971584
|switch|p2a: Politoed|Politoed, L88, M|302/302
|-weather|RainDance|[from] ability: Drizzle|[of] p2a: Politoed
|move|p1a: Arceus|Calm Mind|p1a: Arceus
|-boost|p1a: Arceus|spa|1
|-boost|p1a: Arceus|spd|1
|
|-weather|RainDance|[upkeep]
|-damage|p1a: Arceus|165/291 psn|[from] psn
|upkeep
|turn|13
|
|t:|1776971600
|move|p1a: Arceus|Recover|p1a: Arceus
|-heal|p1a: Arceus|291/291 psn
|move|p2a: Politoed|Focus Blast|p1a: Arceus
|-supereffective|p1a: Arceus
|-damage|p1a: Arceus|123/291 psn
|
|-weather|RainDance|[upkeep]
|-damage|p1a: Arceus|87/291 psn|[from] psn
|upkeep
|turn|14
|
|t:|1776971615
|move|p1a: Arceus|Thunderbolt|p2a: Politoed
|-supereffective|p2a: Politoed
|-damage|p2a: Politoed|162/302
|move|p2a: Politoed|Focus Blast|p1a: Arceus
|-supereffective|p1a: Arceus
|-damage|p1a: Arceus|0 fnt
|faint|p1a: Arceus
|
|-weather|RainDance|[upkeep]
|upkeep
|
|t:|1776971622
|switch|p1a: Grafaiai|Grafaiai, L86, M|86/249
|-sideend|p1: Grenblze7475|move: Toxic Spikes|[of] p1a: Grafaiai
|turn|15
|
|t:|1776971638
|move|p1a: Grafaiai|Parting Shot|p2a: Politoed
|-unboost|p2a: Politoed|atk|1
|-unboost|p2a: Politoed|spa|1
|
|t:|1776971640
|switch|p1a: Cyclizar|Cyclizar, L83, F|252/252|[from] Parting Shot
|move|p2a: Politoed|Focus Blast|p1a: Cyclizar
|-supereffective|p1a: Cyclizar
|-damage|p1a: Cyclizar|24/252
|
|-weather|RainDance|[upkeep]
|upkeep
|turn|16
|
|t:|1776971653
|move|p1a: Cyclizar|Draco Meteor|p2a: Politoed
|-damage|p2a: Politoed|48/302
|-unboost|p1a: Cyclizar|spa|2
|move|p2a: Politoed|Focus Blast|p1a: Cyclizar
|-supereffective|p1a: Cyclizar
|-damage|p1a: Cyclizar|0 fnt
|faint|p1a: Cyclizar
|
|-weather|none
|upkeep
|inactive|Grenblze7475 has 90 seconds left.
|
|t:|1776971681
|switch|p1a: Banette|Banette, L93, F|270/270
|turn|17
|inactive|Grenblze7475 has 90 seconds left.
|inactive|thunderblade07 has 90 seconds left.
|
|t:|1776971690
|switch|p2a: Hydreigon|Hydreigon, L79, M|237/275
|move|p1a: Banette|Swords Dance|p1a: Banette
|-boost|p1a: Banette|atk|2
|
|upkeep
|turn|18
|
|t:|1776971699
|-terastallize|p1a: Banette|Poison
|move|p2a: Hydreigon|Dark Pulse|p1a: Banette
|-damage|p1a: Banette|168/270
|-start|p2a: Hydreigon|Disable|Dark Pulse|[from] ability: Cursed Body|[of] p1a: Banette
|move|p1a: Banette|Gunk Shot|p2a: Hydreigon
|-damage|p2a: Hydreigon|0 fnt
|faint|p2a: Hydreigon
|-damage|p1a: Banette|141/270|[from] item: Life Orb
|
|upkeep
|inactive|thunderblade07 has 90 seconds left.
|
|t:|1776971715
|switch|p2a: Jirachi|Jirachi, L80|155/291
|turn|19
|
|t:|1776971725
|move|p2a: Jirachi|Protect|p2a: Jirachi
|-singleturn|p2a: Jirachi|Protect
|move|p1a: Banette|Shadow Sneak|p2a: Jirachi
|-activate|p2a: Jirachi|move: Protect
|
|upkeep
|turn|20
|inactive|Grenblze7475 has 90 seconds left.
|inactive|thunderblade07 has 90 seconds left.
|inactive|Grenblze7475 has 60 seconds left.
|
|t:|1776971782
|move|p1a: Banette|Shadow Sneak|p2a: Jirachi
|-supereffective|p2a: Jirachi
|-damage|p2a: Jirachi|0 fnt
|faint|p2a: Jirachi
|-damage|p1a: Banette|114/270|[from] item: Life Orb
|
|upkeep
|inactive|thunderblade07 has 90 seconds left.
|
|t:|1776971794
|switch|p2a: Tentacruel|Tentacruel, L84, F, tera:Flying|38/272
|turn|21
|inactive|thunderblade07 has 90 seconds left.
|
|t:|1776971802
|move|p1a: Banette|Shadow Sneak|p2a: Tentacruel
|-damage|p2a: Tentacruel|0 fnt
|faint|p2a: Tentacruel
|-damage|p1a: Banette|87/270|[from] item: Life Orb
|
|upkeep
|inactive|thunderblade07 has 90 seconds left.
|
|t:|1776971809
|switch|p2a: Politoed|Politoed, L88, M|48/302
|-weather|RainDance|[from] ability: Drizzle|[of] p2a: Politoed
|turn|22
|
|t:|1776971818
|move|p1a: Banette|Shadow Sneak|p2a: Politoed
|-damage|p2a: Politoed|0 fnt
|faint|p2a: Politoed
|-damage|p1a: Banette|60/270|[from] item: Life Orb
|
|-weather|RainDance|[upkeep]
|upkeep
|inactive|thunderblade07 has 90 seconds left.
|
|t:|1776971834
|switch|p2a: Raichu|Raichu, L88, F|249/249
|turn|23
|inactive|Grenblze7475 has 90 seconds left.
|inactive|thunderblade07 has 90 seconds left.
|
|t:|1776971844
|move|p1a: Banette|Shadow Sneak|p2a: Raichu
|-damage|p2a: Raichu|29/249
|-damage|p1a: Banette|33/270|[from] item: Life Orb
|move|p2a: Raichu|Thunderbolt|p1a: Banette
|-damage|p1a: Banette|0 fnt
|faint|p1a: Banette
|-damage|p2a: Raichu|5/249|[from] item: Life Orb
|
|-weather|RainDance|[upkeep]
|upkeep
|inactive|Grenblze7475 has 90 seconds left.
|
|t:|1776971857
|switch|p1a: Reuniclus|Reuniclus, L88, F|337/337
|turn|24
|
|t:|1776971864
|move|p2a: Raichu|Thunderbolt|p1a: Reuniclus
|-damage|p1a: Reuniclus|201/337
|-damage|p2a: Raichu|0 fnt|[from] item: Life Orb
|faint|p2a: Raichu
|move|p1a: Reuniclus|Psychic|p2: Raichu|[notarget]
|-fail|p1a: Reuniclus
|
|-weather|RainDance|[upkeep]
|upkeep
|
|t:|1776971873
|switch|p2a: Brute Bonnet|Brute Bonnet, L80|309/309
|turn|25
|
|t:|1776971879
|move|p2a: Brute Bonnet|Crunch|p1a: Reuniclus
|-supereffective|p1a: Reuniclus
|-damage|p1a: Reuniclus|0 fnt
|faint|p1a: Reuniclus
|
|-weather|RainDance|[upkeep]
|upkeep
|
|t:|1776971886
|switch|p1a: Grafaiai|Grafaiai, L86, M|86/249
|turn|26
|
|t:|1776971900
|move|p1a: Grafaiai|Gunk Shot|p2a: Brute Bonnet
|-supereffective|p2a: Brute Bonnet
|-damage|p2a: Brute Bonnet|51/309
|-status|p2a: Brute Bonnet|psn
|move|p2a: Brute Bonnet|Close Combat|p1a: Grafaiai
|-damage|p1a: Grafaiai|0 fnt
|-unboost|p2a: Brute Bonnet|def|1
|-unboost|p2a: Brute Bonnet|spd|1
|faint|p1a: Grafaiai
|
|-weather|none
|-heal|p2a: Brute Bonnet|70/309 psn|[from] item: Leftovers
|-damage|p2a: Brute Bonnet|32/309 psn|[from] psn
|upkeep
|
|t:|1776971907
|switch|p1a: Torkoal|Torkoal, L88, F|176/266
|-weather|SunnyDay|[from] ability: Drought|[of] p1a: Torkoal
|-activate|p2a: Brute Bonnet|ability: Protosynthesis
|-start|p2a: Brute Bonnet|protosynthesisatk
|turn|27
|inactive|thunderblade07 has 120 seconds left.
|
|t:|1776971926
|move|p2a: Brute Bonnet|Close Combat|p1a: Torkoal
|-damage|p1a: Torkoal|86/266
|-unboost|p2a: Brute Bonnet|def|1
|-unboost|p2a: Brute Bonnet|spd|1
|move|p1a: Torkoal|Earthquake|p2a: Brute Bonnet
|-resisted|p2a: Brute Bonnet
|-damage|p2a: Brute Bonnet|0 fnt
|faint|p2a: Brute Bonnet
|-end|p2a: Brute Bonnet|Protosynthesis|[silent]
|
|win|Grenblze7475
|raw|Grenblze7475's rating: 1235 &rarr; <strong>1261</strong><br />(+26 for winning)
|raw|thunderblade07's rating: 1246 &rarr; <strong>1220</strong><br />(-26 for losing)
|l|☆thunderblade07
|player|p2|
