|j|☆serrivlop
|j|☆IdkImScared
|t:|1772743658
|gametype|singles
|player|p1|serrivlop|unknown|1354
|player|p2|IdkImScared|workerice|1305
|gen|9
|tier|[Gen 9] Random Battle
|rated|
|rule|Species Clause: Limit one of each Pokémon
|rule|HP Percentage Mod: HP is shown in percentages
|rule|Sleep Clause Mod: Limit one foe put to sleep
|rule|Illusion Level Mod: Illusion disguises the Pokémon's true level
|
|t:|1772743658
|teamsize|p1|6
|teamsize|p2|6
|start
|switch|p1a: Appletun|Appletun, L92, F|352/352
|switch|p2a: Terapagos|Terapagos, L77, M|265/265
|-activate|p2a: Terapagos|ability: Tera Shift
|detailschange|p2a: Terapagos|Terapagos-Terastal, L77, M
|-heal|p2a: Terapagos|273/273|[silent]
|turn|1
|
|t:|1772743684
|move|p2a: Terapagos|Calm Mind|p2a: Terapagos
|-boost|p2a: Terapagos|spa|1
|-boost|p2a: Terapagos|spd|1
|move|p1a: Appletun|Dragon Tail|p2a: Terapagos
|-activate|p2a: Terapagos|ability: Tera Shell
|-resisted|p2a: Terapagos
|-damage|p2a: Terapagos|244/273
|drag|p2a: Amoonguss|Amoonguss, L82, M|321/321
|
|upkeep
|turn|2
|
|t:|1772743707
|switch|p1a: Volcanion|Volcanion, L79|255/255
|move|p2a: Amoonguss|Sludge Bomb|p1a: Volcanion
|-damage|p1a: Volcanion|197/255
|
|upkeep
|turn|3
|inactive|Battle timer is ON: inactive players will automatically lose when time's up. (requested by serrivlop)
|
|t:|1772743739
|move|p1a: Volcanion|Sludge Bomb|p2a: Amoonguss
|-damage|p2a: Amoonguss|238/321
|move|p2a: Amoonguss|Spore|p1a: Volcanion
|-status|p1a: Volcanion|slp|[from] move: Spore
|
|upkeep
|turn|4
|
|t:|1772743751
|cant|p1a: Volcanion|slp
|move|p2a: Amoonguss|Giga Drain|p1a: Volcanion
|-damage|p1a: Volcanion|151/255 slp
|-heal|p2a: Amoonguss|261/321|[from] drain|[of] p1a: Volcanion
|
|upkeep
|turn|5
|
|t:|1772743774
|switch|p2a: Pachirisu|Pachirisu, L96, M|271/271
|-curestatus|p1a: Volcanion|slp|[msg]
|move|p1a: Volcanion|Flamethrower|p2a: Pachirisu
|-damage|p2a: Pachirisu|187/271
|
|upkeep
|turn|6
|inactive|serrivlop has 120 seconds left.
|
|t:|1772743804
|switch|p1a: Lurantis|Lurantis, L87, M|264/264
|move|p2a: Pachirisu|Super Fang|p1a: Lurantis
|-damage|p1a: Lurantis|132/264
|
|upkeep
|turn|7
|inactive|serrivlop has 120 seconds left.
|
|t:|1772743827
|move|p2a: Pachirisu|U-turn|p1a: Lurantis
|-supereffective|p1a: Lurantis
|-damage|p1a: Lurantis|56/264
|
|t:|1772743831
|switch|p2a: Oricorio|Oricorio, L84, F|263/263|[from] U-turn
|move|p1a: Lurantis|Leech Life|p2a: Oricorio
|-resisted|p2a: Oricorio
|-damage|p2a: Oricorio|245/263
|-heal|p1a: Lurantis|65/264|[from] drain|[of] p2a: Oricorio
|
|upkeep
|turn|8
|inactive|serrivlop has 120 seconds left.
|
|t:|1772743852
|switch|p1a: Coalossal|Coalossal, L89, M|341/341
|move|p2a: Oricorio|Quiver Dance|p2a: Oricorio
|-boost|p2a: Oricorio|spa|1
|-boost|p2a: Oricorio|spd|1
|-boost|p2a: Oricorio|spe|1
|
|upkeep
|turn|9
|
|t:|1772743861
|-terastallize|p2a: Oricorio|Ground
|move|p2a: Oricorio|Revelation Dance|p1a: Coalossal
|-supereffective|p1a: Coalossal
|-damage|p1a: Coalossal|0 fnt
|faint|p1a: Coalossal
|
|upkeep
|
|t:|1772743877
|switch|p1a: Appletun|Appletun, L92, F|352/352
|turn|10
|
|t:|1772743883
|move|p2a: Oricorio|Hurricane|p1a: Appletun
|-supereffective|p1a: Appletun
|-damage|p1a: Appletun|0 fnt
|faint|p1a: Appletun
|
|upkeep
|
|t:|1772743898
|switch|p1a: Volcanion|Volcanion, L79|151/255
|turn|11
|
|t:|1772743901
|move|p2a: Oricorio|Revelation Dance|p1a: Volcanion
|-supereffective|p1a: Volcanion
|-damage|p1a: Volcanion|0 fnt
|faint|p1a: Volcanion
|
|upkeep
|
|t:|1772743917
|switch|p1a: Porygon-Z|Porygon-Z, L83|277/277
|-ability|p1a: Porygon-Z|Download|boost
|-boost|p1a: Porygon-Z|atk|1
|turn|12
|
|t:|1772743931
|move|p2a: Oricorio|Hurricane|p1a: Porygon-Z
|-damage|p1a: Porygon-Z|85/277
|move|p1a: Porygon-Z|Ice Beam|p2a: Oricorio
|-supereffective|p2a: Oricorio
|-damage|p2a: Oricorio|89/263
|-damage|p1a: Porygon-Z|58/277|[from] item: Life Orb
|
|upkeep
|turn|13
|inactive|serrivlop has 120 seconds left.
|
|t:|1772743953
|move|p2a: Oricorio|Revelation Dance|p1a: Porygon-Z
|-damage|p1a: Porygon-Z|0 fnt
|faint|p1a: Porygon-Z
|
|upkeep
|
|t:|1772743957
|switch|p1a: Scizor|Scizor, L79, M|240/240
|turn|14
|
|t:|1772743986
|-terastallize|p1a: Scizor|Steel
|move|p1a: Scizor|Bullet Punch|p2a: Oricorio
|-damage|p2a: Oricorio|0 fnt
|faint|p2a: Oricorio
|
|upkeep
|inactive|IdkImScared has 120 seconds left.
|
|t:|1772744004
|switch|p2a: Camerupt|Camerupt, L91, M|275/275
|turn|15
|
|t:|1772744010
|move|p1a: Scizor|Bullet Punch|p2a: Camerupt
|-resisted|p2a: Camerupt
|-damage|p2a: Camerupt|203/275
|move|p2a: Camerupt|Overheat|p1a: Scizor
|-supereffective|p1a: Scizor
|-damage|p1a: Scizor|0 fnt
|-unboost|p2a: Camerupt|spa|2
|faint|p1a: Scizor
|
|-heal|p2a: Camerupt|220/275|[from] item: Leftovers
|upkeep
|
|t:|1772744016
|switch|p1a: Lurantis|Lurantis, L87, M|65/264
|turn|16
|
|t:|1772744027
|move|p1a: Lurantis|Leaf Storm|p2a: Camerupt
|-damage|p2a: Camerupt|87/275
|-boost|p1a: Lurantis|spa|2
|move|p2a: Camerupt|Will-O-Wisp|p1a: Lurantis
|-status|p1a: Lurantis|brn
|
|-heal|p2a: Camerupt|104/275|[from] item: Leftovers
|-damage|p1a: Lurantis|49/264 brn|[from] brn
|upkeep
|turn|17
|
|t:|1772744039
|move|p1a: Lurantis|Leaf Storm|p2a: Camerupt
|-damage|p2a: Camerupt|0 fnt
|-boost|p1a: Lurantis|spa|2
|faint|p2a: Camerupt
|
|-damage|p1a: Lurantis|33/264 brn|[from] brn
|upkeep
|
|t:|1772744052
|switch|p2a: Pachirisu|Pachirisu, L96, M|187/271
|turn|18
|
|t:|1772744064
|move|p2a: Pachirisu|U-turn|p1a: Lurantis
|-supereffective|p1a: Lurantis
|-damage|p1a: Lurantis|0 fnt
|faint|p1a: Lurantis
|
|win|IdkImScared
|raw|serrivlop's rating: 1354 &rarr; <strong>1331</strong><br />(-23 for losing)
|raw|IdkImScared's rating: 1305 &rarr; <strong>1328</strong><br />(+23 for winning)
|c|☆IdkImScared|gg
|c|☆serrivlop|:(
|l|☆serrivlop
|player|p1|
