|j|☆trespuntocatorce
|j|☆sabiogamer
|t:|1772752234
|gametype|singles
|player|p1|trespuntocatorce|102|1200
|player|p2|sabiogamer|2|1209
|gen|9
|tier|[Gen 9] Random Battle
|rated|
|rule|Species Clause: Limit one of each Pokémon
|rule|HP Percentage Mod: HP is shown in percentages
|rule|Sleep Clause Mod: Limit one foe put to sleep
|rule|Illusion Level Mod: Illusion disguises the Pokémon's true level
|
|t:|1772752234
|teamsize|p1|6
|teamsize|p2|6
|start
|switch|p1a: Meloetta|Meloetta, L82|298/298
|switch|p2a: Persian|Persian, L92, M|269/269
|turn|1
|inactive|Battle timer is ON: inactive players will automatically lose when time's up. (requested by trespuntocatorce)
|inactive|sabiogamer has 120 seconds left.
|inactive|sabiogamer has 90 seconds left.
|inactive|sabiogamer has 60 seconds left.
|
|t:|1772752378
|move|p2a: Persian|U-turn|p1a: Meloetta
|-supereffective|p1a: Meloetta
|-damage|p1a: Meloetta|154/298
|
|t:|1772752386
|switch|p2a: Chi-Yu|Chi-Yu, L77|211/211|[from] U-turn
|-ability|p2a: Chi-Yu|Beads of Ruin
|move|p1a: Meloetta|Close Combat|p2a: Chi-Yu
|-supereffective|p2a: Chi-Yu
|-damage|p2a: Chi-Yu|19/211
|-unboost|p1a: Meloetta|def|1
|-unboost|p1a: Meloetta|spd|1
|-damage|p1a: Meloetta|125/298|[from] item: Life Orb
|
|upkeep
|turn|2
|inactive|sabiogamer has 120 seconds left.
|inactive|trespuntocatorce has 120 seconds left.
|
|t:|1772752430
|switch|p2a: Dragapult|Dragapult, L77, M|262/262
|move|p1a: Meloetta|Close Combat|p2a: Dragapult
|-immune|p2a: Dragapult
|
|upkeep
|turn|3
|inactive|sabiogamer has 90 seconds left.
|
|t:|1772752476
|move|p2a: Dragapult|Dragon Dance|p2a: Dragapult
|-boost|p2a: Dragapult|atk|1
|-boost|p2a: Dragapult|spe|1
|move|p1a: Meloetta|Triple Axel|p2a: Dragapult
|-supereffective|p2a: Dragapult
|-damage|p2a: Dragapult|226/262
|-supereffective|p2a: Dragapult
|-damage|p2a: Dragapult|156/262
|-supereffective|p2a: Dragapult
|-damage|p2a: Dragapult|42/262
|-hitcount|p2a: Dragapult|3
|-damage|p1a: Meloetta|96/298|[from] item: Life Orb
|
|upkeep
|turn|4
|inactive|sabiogamer has 60 seconds left.
|
|t:|1772752508
|move|p2a: Dragapult|Dragon Darts|p1a: Meloetta
|-damage|p1a: Meloetta|0 fnt
|faint|p1a: Meloetta
|-damage|p2a: Dragapult|16/262|[from] item: Life Orb
|
|upkeep
|inactive|trespuntocatorce has 90 seconds left.
|
|t:|1772752531
|switch|p1a: Tinkaton|Tinkaton, L82, F|274/274
|-ability|p1a: Tinkaton|Mold Breaker
|turn|5
|inactive|trespuntocatorce has 90 seconds left.
|inactive|sabiogamer has 60 seconds left.
|inactive|sabiogamer has 30 seconds left.
|
|t:|1772752576
|move|p2a: Dragapult|Fire Blast|p1a: Tinkaton
|-supereffective|p1a: Tinkaton
|-damage|p1a: Tinkaton|108/274
|-damage|p2a: Dragapult|0 fnt|[from] item: Life Orb
|faint|p2a: Dragapult
|move|p1a: Tinkaton|Play Rough|p2: Dragapult|[notarget]
|-fail|p1a: Tinkaton
|
|-heal|p1a: Tinkaton|125/274|[from] item: Leftovers
|upkeep
|inactive|sabiogamer has 30 seconds left this turn.
|
|t:|1772752586
|switch|p2a: Electivire|Electivire, L84, F|263/263
|turn|6
|inactive|sabiogamer has 30 seconds left.
|inactive|trespuntocatorce has 90 seconds left.
|
|t:|1772752623
|move|p2a: Electivire|Bulk Up|p2a: Electivire
|-boost|p2a: Electivire|atk|1
|-boost|p2a: Electivire|def|1
|move|p1a: Tinkaton|Gigaton Hammer|p2a: Electivire
|-resisted|p2a: Electivire
|-damage|p2a: Electivire|207/263
|
|-heal|p1a: Tinkaton|142/274|[from] item: Leftovers
|upkeep
|turn|7
|inactive|sabiogamer has 30 seconds left.
|inactive|sabiogamer has 20 seconds left.
|
|t:|1772752639
|move|p2a: Electivire|Bulk Up|p2a: Electivire
|-boost|p2a: Electivire|atk|1
|-boost|p2a: Electivire|def|1
|move|p1a: Tinkaton|Encore|p2a: Electivire
|-start|p2a: Electivire|Encore
|
|-heal|p1a: Tinkaton|159/274|[from] item: Leftovers
|upkeep
|turn|8
|inactive|sabiogamer has 30 seconds left this turn.
|
|t:|1772752654
|move|p2a: Electivire|Bulk Up|p2a: Electivire
|-boost|p2a: Electivire|atk|1
|-boost|p2a: Electivire|def|1
|move|p1a: Tinkaton|Play Rough|p2a: Electivire
|-damage|p2a: Electivire|168/263
|
|-heal|p1a: Tinkaton|176/274|[from] item: Leftovers
|upkeep
|turn|9
|inactive|sabiogamer has 30 seconds left.
|
|t:|1772752668
|move|p2a: Electivire|Bulk Up|p2a: Electivire
|-boost|p2a: Electivire|atk|1
|-boost|p2a: Electivire|def|1
|move|p1a: Tinkaton|Play Rough|p2a: Electivire
|-damage|p2a: Electivire|137/263
|-unboost|p2a: Electivire|atk|1
|
|-heal|p1a: Tinkaton|193/274|[from] item: Leftovers
|upkeep
|turn|10
|inactive|sabiogamer has 30 seconds left.
|inactive|sabiogamer has 20 seconds left.
|
|t:|1772752690
|move|p2a: Electivire|Bulk Up|p2a: Electivire
|-boost|p2a: Electivire|atk|1
|-boost|p2a: Electivire|def|1
|move|p1a: Tinkaton|Play Rough|p2a: Electivire
|-damage|p2a: Electivire|109/263
|
|-heal|p1a: Tinkaton|210/274|[from] item: Leftovers
|-end|p2a: Electivire|Encore
|upkeep
|turn|11
|inactive|sabiogamer has 30 seconds left this turn.
|inactive|sabiogamer has 20 seconds left.
|inactive|trespuntocatorce has 60 seconds left.
|
|t:|1772752705
|move|p2a: Electivire|Earthquake|p1a: Tinkaton
|-supereffective|p1a: Tinkaton
|-damage|p1a: Tinkaton|0 fnt
|faint|p1a: Tinkaton
|-damage|p2a: Electivire|83/263|[from] item: Life Orb
|
|upkeep
|inactive|trespuntocatorce has 60 seconds left.
|
|t:|1772752733
|switch|p1a: Lycanroc|Lycanroc, L86, F|269/269
|turn|12
|inactive|sabiogamer has 30 seconds left.
|
|t:|1772752745
|move|p1a: Lycanroc|Stone Edge|p2a: Electivire
|-damage|p2a: Electivire|19/263
|-damage|p1a: Lycanroc|243/269|[from] item: Life Orb
|move|p2a: Electivire|Earthquake|p1a: Lycanroc
|-supereffective|p1a: Lycanroc
|-damage|p1a: Lycanroc|0 fnt
|faint|p1a: Lycanroc
|-damage|p2a: Electivire|0 fnt|[from] item: Life Orb
|faint|p2a: Electivire
|
|upkeep
|inactive|sabiogamer has 30 seconds left.
|inactive|trespuntocatorce has 30 seconds left.
|
|t:|1772752765
|switch|p1a: Appletun|Appletun, L92, F|352/352
|switch|p2a: Chi-Yu|Chi-Yu, L77|19/211
|-ability|p2a: Chi-Yu|Beads of Ruin
|turn|13
|inactive|sabiogamer has 30 seconds left.
|inactive|trespuntocatorce has 30 seconds left.
|
|t:|1772752781
|move|p2a: Chi-Yu|Fire Blast|p1a: Appletun
|-damage|p1a: Appletun|261/352
|move|p1a: Appletun|Dragon Pulse|p2a: Chi-Yu
|-damage|p2a: Chi-Yu|0 fnt
|faint|p2a: Chi-Yu
|
|-heal|p1a: Appletun|283/352|[from] item: Leftovers
|upkeep
|inactive|sabiogamer has 30 seconds left this turn.
|inactive|sabiogamer has 20 seconds left.
|inactive|sabiogamer has 15 seconds left.
|inactive|sabiogamer has 10 seconds left.
|
|t:|1772752803
|switch|p2a: Sylveon|Sylveon, L85, F|300/300
|turn|14
|inactive|sabiogamer has 20 seconds left this turn.
|inactive|sabiogamer has 15 seconds left.
|inactive|trespuntocatorce has 30 seconds left.
|
|t:|1772752822
|move|p2a: Sylveon|Calm Mind|p2a: Sylveon
|-boost|p2a: Sylveon|spa|1
|-boost|p2a: Sylveon|spd|1
|move|p1a: Appletun|Apple Acid|p2a: Sylveon
|-damage|p2a: Sylveon|248/300
|-unboost|p2a: Sylveon|spd|1
|
|-heal|p2a: Sylveon|266/300|[from] item: Leftovers
|-heal|p1a: Appletun|305/352|[from] item: Leftovers
|upkeep
|turn|15
|inactive|sabiogamer has 25 seconds left this turn.
|inactive|trespuntocatorce has 30 seconds left.
|inactive|sabiogamer has 20 seconds left.
|inactive|sabiogamer has 15 seconds left.
|inactive|sabiogamer has 10 seconds left.
|inactive|sabiogamer has 5 seconds left.
|
|t:|1772752843
|move|p2a: Sylveon|Hyper Voice|p1a: Appletun
|-supereffective|p1a: Appletun
|-damage|p1a: Appletun|0 fnt
|faint|p1a: Appletun
|
|-heal|p2a: Sylveon|284/300|[from] item: Leftovers
|upkeep
|inactive|trespuntocatorce has 30 seconds left this turn.
|inactive|trespuntocatorce has 20 seconds left.
|
|t:|1772752858
|switch|p1a: Haxorus|Haxorus, L77, F|244/244
|-ability|p1a: Haxorus|Mold Breaker
|turn|16
|inactive|trespuntocatorce has 30 seconds left this turn.
|inactive|sabiogamer has 20 seconds left this turn.
|
|t:|1772752864
|-terastallize|p1a: Haxorus|Steel
|move|p1a: Haxorus|Dragon Dance|p1a: Haxorus
|-boost|p1a: Haxorus|atk|1
|-boost|p1a: Haxorus|spe|1
|move|p2a: Sylveon|Hyper Voice|p1a: Haxorus
|-resisted|p1a: Haxorus
|-damage|p1a: Haxorus|107/244
|
|-heal|p2a: Sylveon|300/300|[from] item: Leftovers
|upkeep
|turn|17
|inactive|sabiogamer has 30 seconds left this turn.
|inactive|trespuntocatorce has 30 seconds left.
|inactive|trespuntocatorce has 20 seconds left.
|
|t:|1772752881
|move|p1a: Haxorus|Iron Head|p2a: Sylveon
|-supereffective|p2a: Sylveon
|-damage|p2a: Sylveon|0 fnt
|faint|p2a: Sylveon
|
|upkeep
|inactive|sabiogamer has 30 seconds left this turn.
|
|t:|1772752886
|switch|p2a: Coalossal|Coalossal, L89, M|341/341
|turn|18
|inactive|trespuntocatorce has 30 seconds left.
|inactive|sabiogamer has 30 seconds left.
|
|t:|1772752898
|-terastallize|p2a: Coalossal|Grass
|move|p1a: Haxorus|Close Combat|p2a: Coalossal
|-damage|p2a: Coalossal|221/341
|-unboost|p1a: Haxorus|def|1
|-unboost|p1a: Haxorus|spd|1
|move|p2a: Coalossal|Flamethrower|p1a: Haxorus
|-supereffective|p1a: Haxorus
|-damage|p1a: Haxorus|0 fnt
|faint|p1a: Haxorus
|
|upkeep
|inactive|trespuntocatorce has 30 seconds left this turn.
|inactive|trespuntocatorce has 20 seconds left.
|
|t:|1772752910
|switch|p1a: Toxicroak|Toxicroak, L84, F|277/277
|turn|19
|inactive|trespuntocatorce has 30 seconds left this turn.
|
|t:|1772752919
|move|p1a: Toxicroak|Swords Dance|p1a: Toxicroak
|-boost|p1a: Toxicroak|atk|2
|move|p2a: Coalossal|Stone Edge|p1a: Toxicroak|[miss]
|-miss|p2a: Coalossal|p1a: Toxicroak
|
|upkeep
|turn|20
|inactive|trespuntocatorce has 30 seconds left.
|
|t:|1772752927
|move|p1a: Toxicroak|Gunk Shot|p2a: Coalossal
|-supereffective|p2a: Coalossal
|-damage|p2a: Coalossal|0 fnt
|faint|p2a: Coalossal
|-damage|p1a: Toxicroak|250/277|[from] item: Life Orb
|
|upkeep
|
|t:|1772752933
|switch|p2a: Persian|Persian, L92, M|269/269
|turn|21
|
|t:|1772752941
|move|p2a: Persian|Double-Edge|p1a: Toxicroak
|-damage|p1a: Toxicroak|22/277
|-damage|p2a: Persian|194/269|[from] Recoil
|move|p1a: Toxicroak|Close Combat|p2a: Persian
|-supereffective|p2a: Persian
|-damage|p2a: Persian|0 fnt
|-unboost|p1a: Toxicroak|def|1
|-unboost|p1a: Toxicroak|spd|1
|faint|p2a: Persian
|-damage|p1a: Toxicroak|0 fnt|[from] item: Life Orb
|faint|p1a: Toxicroak
|
|win|trespuntocatorce
|raw|trespuntocatorce's rating: 1200 &rarr; <strong>1226</strong><br />(+26 for winning)
|raw|sabiogamer's rating: 1209 &rarr; <strong>1183</strong><br />(-26 for losing)
|l|☆sabiogamer
|player|p2|
