|j|☆comar188
|j|☆Zergio11
|t:|1776981949
|gametype|singles
|player|p1|comar188|102|1491
|player|p2|Zergio11|169|1434
|gen|9
|tier|[Gen 9] Random Battle
|rated|
|rule|Species Clause: Limit one of each Pokémon
|rule|HP Percentage Mod: HP is shown in percentages
|rule|Sleep Clause Mod: Limit one foe put to sleep
|rule|Illusion Level Mod: Illusion disguises the Pokémon's true level
|
|t:|1776981949
|teamsize|p1|6
|teamsize|p2|6
|start
|switch|p1a: Gallade|Gallade, L80, M|240/240
|switch|p2a: Swampert|Swampert, L83, M|302/302
|turn|1
|inactive|Battle timer is ON: inactive players will automatically lose when time's up. (requested by comar188)
|
|t:|1776981966
|move|p1a: Gallade|Leaf Blade|p2a: Swampert
|-supereffective|p2a: Swampert
|-damage|p2a: Swampert|0 fnt
|faint|p2a: Swampert
|
|upkeep
|
|t:|1776981977
|switch|p2a: Iron Crown|Iron Crown, L78|268/268
|turn|2
|
|t:|1776982003
|switch|p1a: Zarude|Zarude-Dada, L77|288/288
|-terastallize|p2a: Iron Crown|Steel
|move|p2a: Iron Crown|Calm Mind|p2a: Iron Crown
|-boost|p2a: Iron Crown|spa|1
|-boost|p2a: Iron Crown|spd|1
|
|upkeep
|turn|3
|
|t:|1776982013
|move|p1a: Zarude|Close Combat|p2a: Iron Crown
|-supereffective|p2a: Iron Crown
|-damage|p2a: Iron Crown|14/268
|-unboost|p1a: Zarude|def|1
|-unboost|p1a: Zarude|spd|1
|move|p2a: Iron Crown|Focus Blast|p1a: Zarude
|-supereffective|p1a: Zarude
|-damage|p1a: Zarude|0 fnt
|faint|p1a: Zarude
|
|-heal|p2a: Iron Crown|30/268|[from] item: Leftovers
|upkeep
|inactive|comar188 has 120 seconds left.
|
|t:|1776982034
|switch|p1a: Arcanine|Arcanine, L84, M|288/288
|-ability|p1a: Arcanine|Intimidate|boost
|-unboost|p2a: Iron Crown|atk|1
|turn|4
|
|t:|1776982045
|move|p1a: Arcanine|Flare Blitz|p2a: Iron Crown
|-supereffective|p2a: Iron Crown
|-damage|p2a: Iron Crown|0 fnt
|faint|p2a: Iron Crown
|-end|p2a: Iron Crown|Quark Drive|[silent]
|-damage|p1a: Arcanine|278/288|[from] Recoil
|
|upkeep
|
|t:|1776982049
|switch|p2a: Baxcalibur|Baxcalibur, L75, F|295/295
|turn|5
|
|t:|1776982057
|move|p2a: Baxcalibur|Scale Shot|p1a: Arcanine
|-damage|p1a: Arcanine|248/288
|-damage|p1a: Arcanine|217/288
|-crit|p1a: Arcanine
|-damage|p1a: Arcanine|169/288
|-damage|p1a: Arcanine|139/288
|-hitcount|p1a: Arcanine|4
|-unboost|p2a: Baxcalibur|def|1
|-boost|p2a: Baxcalibur|spe|1
|move|p1a: Arcanine|Roar|p2a: Baxcalibur
|drag|p2a: Annihilape|Annihilape, L76, M|292/292
|
|upkeep
|turn|6
|
|t:|1776982073
|switch|p1a: Cramorant|Cramorant, L86, M|261/261
|move|p2a: Annihilape|Drain Punch|p1a: Cramorant
|-resisted|p1a: Cramorant
|-damage|p1a: Cramorant|213/261
|
|upkeep
|turn|7
|
|t:|1776982080
|move|p1a: Cramorant|Brave Bird|p2a: Annihilape
|-supereffective|p2a: Annihilape
|-damage|p2a: Annihilape|20/292
|-damage|p1a: Cramorant|123/261|[from] Recoil
|move|p2a: Annihilape|Bulk Up|p2a: Annihilape
|-boost|p2a: Annihilape|atk|1
|-boost|p2a: Annihilape|def|1
|
|-heal|p2a: Annihilape|38/292|[from] item: Leftovers
|upkeep
|turn|8
|
|t:|1776982087
|switch|p2a: Raichu|Raichu, L88, M|249/249
|move|p1a: Cramorant|Surf|p2a: Raichu
|-formechange|p1a: Cramorant|Cramorant-Gorging|
|-damage|p2a: Raichu|164/249
|
|upkeep
|turn|9
|
|t:|1776982103
|-terastallize|p1a: Cramorant|Ground
|move|p2a: Raichu|Nasty Plot|p2a: Raichu
|-boost|p2a: Raichu|spa|2
|move|p1a: Cramorant|Surf|p2a: Raichu
|-damage|p2a: Raichu|62/249
|
|upkeep
|turn|10
|
|t:|1776982121
|move|p2a: Raichu|Tera Blast|p1a: Cramorant
|-damage|p1a: Cramorant|0 fnt
|-damage|p2a: Raichu|0 fnt|[from] ability: Gulp Missile|[of] p1a: Cramorant
|-formechange|p1a: Cramorant|Cramorant|
|faint|p1a: Cramorant
|faint|p2a: Raichu
|
|upkeep
|
|t:|1776982135
|switch|p2a: Baxcalibur|Baxcalibur, L75, F|295/295
|switch|p1a: Mimikyu|Mimikyu, L79, M|216/216
|turn|11
|
|t:|1776982143
|move|p1a: Mimikyu|Swords Dance|p1a: Mimikyu
|-boost|p1a: Mimikyu|atk|2
|move|p2a: Baxcalibur|Icicle Spear|p1a: Mimikyu
|-activate|p1a: Mimikyu|ability: Disguise
|-damage|p1a: Mimikyu|216/216
|detailschange|p1a: Mimikyu|Mimikyu-Busted, L79, M
|-damage|p1a: Mimikyu|189/216|[from] pokemon: Mimikyu-Busted
|-damage|p1a: Mimikyu|155/216
|-damage|p1a: Mimikyu|119/216
|-damage|p1a: Mimikyu|83/216
|-hitcount|p1a: Mimikyu|4
|
|upkeep
|turn|12
|
|t:|1776982162
|switch|p2a: Flutter Mane|Flutter Mane, L74|203/203
|move|p1a: Mimikyu|Drain Punch|p2a: Flutter Mane
|-immune|p2a: Flutter Mane
|
|upkeep
|turn|13
|
|t:|1776982177
|move|p1a: Mimikyu|Shadow Sneak|p2a: Flutter Mane
|-supereffective|p2a: Flutter Mane
|-damage|p2a: Flutter Mane|0 fnt
|faint|p2a: Flutter Mane
|-end|p2a: Flutter Mane|Protosynthesis|[silent]
|-damage|p1a: Mimikyu|62/216|[from] item: Life Orb
|
|upkeep
|
|t:|1776982181
|switch|p2a: Baxcalibur|Baxcalibur, L75, F|295/295
|turn|14
|
|t:|1776982186
|move|p1a: Mimikyu|Drain Punch|p2a: Baxcalibur
|-supereffective|p2a: Baxcalibur
|-damage|p2a: Baxcalibur|30/295
|-heal|p1a: Mimikyu|195/216|[from] drain|[of] p2a: Baxcalibur
|-damage|p1a: Mimikyu|174/216|[from] item: Life Orb
|move|p2a: Baxcalibur|Icicle Spear|p1a: Mimikyu
|-damage|p1a: Mimikyu|137/216
|-damage|p1a: Mimikyu|104/216
|-damage|p1a: Mimikyu|71/216
|-damage|p1a: Mimikyu|38/216
|-damage|p1a: Mimikyu|4/216
|-hitcount|p1a: Mimikyu|5
|
|upkeep
|turn|15
|
|t:|1776982200
|move|p1a: Mimikyu|Shadow Sneak|p2a: Baxcalibur
|-damage|p2a: Baxcalibur|0 fnt
|faint|p2a: Baxcalibur
|-damage|p1a: Mimikyu|0 fnt|[from] item: Life Orb
|faint|p1a: Mimikyu
|
|upkeep
|
|t:|1776982204
|switch|p1a: Gallade|Gallade, L80, M|240/240
|switch|p2a: Annihilape|Annihilape, L76, M|38/292
|turn|16
|
|t:|1776982213
|move|p1a: Gallade|Night Slash|p2a: Annihilape
|-crit|p2a: Annihilape
|-damage|p2a: Annihilape|0 fnt
|faint|p2a: Annihilape
|
|win|comar188
|raw|comar188's rating: 1491 &rarr; <strong>1508</strong><br />(+17 for winning)
|raw|Zergio11's rating: 1434 &rarr; <strong>1417</strong><br />(-17 for losing)
|l|☆Zergio11
|player|p2|
