|j|‽Unikatze
|j|☆typhon_27_
|t:|1776968982
|gametype|singles
|player|p1|Unikatze|veteran|1385
|player|p2|typhon_27_|ghetsis-gen5bw|1411
|gen|9
|tier|[Gen 9] Random Battle
|rated|
|rule|Species Clause: Limit one of each Pokémon
|rule|HP Percentage Mod: HP is shown in percentages
|rule|Sleep Clause Mod: Limit one foe put to sleep
|rule|Illusion Level Mod: Illusion disguises the Pokémon's true level
|
|t:|1776968982
|teamsize|p1|6
|teamsize|p2|6
|start
|switch|p1a: Exeggutor|Exeggutor-Alola, L89, M|314/314
|switch|p2a: Scream Tail|Scream Tail, L84|330/330
|turn|1
|inactive|Battle timer is ON: inactive players will automatically lose when time's up. (requested by typhon_27_)
|
|t:|1776969017
|switch|p1a: Lumineon|Lumineon, L93, F|279/279
|move|p2a: Scream Tail|Play Rough|p1a: Lumineon
|-damage|p1a: Lumineon|210/279
|
|upkeep
|turn|2
|
|t:|1776969035
|-end|p2a: Scream Tail|Protosynthesis|[silent]
|switch|p2a: Electivire|Electivire, L84, M|263/263
|move|p1a: Lumineon|Hydro Pump|p2a: Electivire
|-damage|p2a: Electivire|111/263
|-damage|p1a: Lumineon|183/279|[from] item: Life Orb
|
|upkeep
|turn|3
|
|t:|1776969059
|move|p1a: Lumineon|Hydro Pump|p2a: Electivire
|-damage|p2a: Electivire|0 fnt
|faint|p2a: Electivire
|-damage|p1a: Lumineon|156/279|[from] item: Life Orb
|
|upkeep
|inactive|typhon_27_ has 120 seconds left.
|
|t:|1776969077
|switch|p2a: Espeon|Espeon, L84, M|246/246
|turn|4
|
|t:|1776969098
|switch|p1a: Luxray|Luxray, L88, M|283/283
|move|p2a: Espeon|Calm Mind|p2a: Espeon
|-boost|p2a: Espeon|spa|1
|-boost|p2a: Espeon|spd|1
|
|-status|p1a: Luxray|brn|[from] item: Flame Orb
|upkeep
|turn|5
|inactive|Unikatze has 120 seconds left.
|
|t:|1776969121
|-terastallize|p2a: Espeon|Fairy
|move|p2a: Espeon|Alluring Voice|p1a: Luxray
|-crit|p1a: Luxray
|-damage|p1a: Luxray|0 fnt
|faint|p1a: Luxray
|-damage|p2a: Espeon|222/246|[from] item: Life Orb
|
|upkeep
|inactive|Unikatze has 120 seconds left.
|
|t:|1776969145
|switch|p1a: Rillaboom|Rillaboom, L79, F|288/288
|-fieldstart|move: Grassy Terrain|[from] ability: Grassy Surge|[of] p1a: Rillaboom
|turn|6
|
|t:|1776969159
|move|p2a: Espeon|Alluring Voice|p1a: Rillaboom
|-damage|p1a: Rillaboom|23/288
|-damage|p2a: Espeon|198/246|[from] item: Life Orb
|move|p1a: Rillaboom|Wood Hammer|p2a: Espeon
|-damage|p2a: Espeon|0 fnt
|faint|p2a: Espeon
|-damage|p1a: Rillaboom|0 fnt|[from] Recoil
|faint|p1a: Rillaboom
|
|upkeep
|inactive|typhon_27_ has 120 seconds left.
|
|t:|1776969181
|switch|p2a: Dragapult|Dragapult, L77, F|262/262
|switch|p1a: Exeggutor|Exeggutor-Alola, L89, M|314/314
|turn|7
|inactive|typhon_27_ has 120 seconds left.
|inactive|Unikatze has 90 seconds left.
|
|t:|1776969220
|-terastallize|p1a: Exeggutor|Fire
|move|p2a: Dragapult|U-turn|p1a: Exeggutor
|-resisted|p1a: Exeggutor
|-damage|p1a: Exeggutor|291/314
|
|t:|1776969230
|switch|p2a: Alomomola|Alomomola, L87, M|429/429|[from] U-turn
|move|p1a: Exeggutor|Draco Meteor|p2a: Alomomola
|-damage|p2a: Alomomola|126/429
|-unboost|p1a: Exeggutor|spa|2
|
|-heal|p2a: Alomomola|152/429|[from] Grassy Terrain
|-heal|p2a: Alomomola|178/429|[from] item: Leftovers
|-heal|p1a: Exeggutor|310/314|[from] Grassy Terrain
|upkeep
|turn|8
|inactive|typhon_27_ has 120 seconds left.
|inactive|Unikatze has 90 seconds left.
|
|t:|1776969242
|move|p2a: Alomomola|Wish|p2a: Alomomola
|move|p1a: Exeggutor|Wood Hammer|p2a: Alomomola
|-supereffective|p2a: Alomomola
|-damage|p2a: Alomomola|0 fnt
|faint|p2a: Alomomola
|-damage|p1a: Exeggutor|251/314|[from] Recoil
|
|-heal|p1a: Exeggutor|270/314|[from] Grassy Terrain
|upkeep
|
|t:|1776969252
|switch|p2a: Dragapult|Dragapult, L77, F|262/262
|turn|9
|inactive|typhon_27_ has 120 seconds left.
|
|t:|1776969261
|move|p2a: Dragapult|Dragon Darts|p1a: Exeggutor
|-damage|p1a: Exeggutor|219/314
|-anim|p2a: Dragapult|Dragon Darts|p1a: Exeggutor
|-damage|p1a: Exeggutor|167/314
|move|p1a: Exeggutor|Stun Spore|p2a: Dragapult
|-status|p2a: Dragapult|par
|
|-heal|p1a: Exeggutor|186/314|[from] Grassy Terrain
|upkeep
|turn|10
|inactive|typhon_27_ has 120 seconds left.
|
|t:|1776969276
|switch|p1a: Lumineon|Lumineon, L93, F|156/279
|move|p2a: Dragapult|Dragon Darts|p1a: Lumineon
|-damage|p1a: Lumineon|104/279
|-anim|p2a: Dragapult|Dragon Darts|p1a: Lumineon
|-damage|p1a: Lumineon|55/279
|
|-heal|p1a: Lumineon|72/279|[from] Grassy Terrain
|-fieldend|move: Grassy Terrain
|upkeep
|turn|11
|inactive|typhon_27_ has 120 seconds left.
|
|t:|1776969286
|move|p1a: Lumineon|Ice Beam|p2a: Dragapult
|-supereffective|p2a: Dragapult
|-damage|p2a: Dragapult|80/262 par
|-damage|p1a: Lumineon|45/279|[from] item: Life Orb
|move|p2a: Dragapult|Dragon Darts|p1a: Lumineon
|-damage|p1a: Lumineon|0 fnt
|faint|p1a: Lumineon
|
|upkeep
|
|t:|1776969305
|switch|p1a: Noctowl|Noctowl, L95, F|344/344
|turn|12
|
|t:|1776969311
|move|p1a: Noctowl|Calm Mind|p1a: Noctowl
|-boost|p1a: Noctowl|spa|1
|-boost|p1a: Noctowl|spd|1
|move|p2a: Dragapult|Dragon Darts|p1a: Noctowl
|-damage|p1a: Noctowl|275/344
|-anim|p2a: Dragapult|Dragon Darts|p1a: Noctowl
|-damage|p1a: Noctowl|208/344
|
|upkeep
|turn|13
|inactive|Unikatze has 90 seconds left.
|
|t:|1776969345
|move|p1a: Noctowl|Calm Mind|p1a: Noctowl
|-boost|p1a: Noctowl|spa|1
|-boost|p1a: Noctowl|spd|1
|move|p2a: Dragapult|Dragon Darts|p1a: Noctowl
|-damage|p1a: Noctowl|139/344
|-anim|p2a: Dragapult|Dragon Darts|p1a: Noctowl
|-damage|p1a: Noctowl|69/344
|
|upkeep
|turn|14
|inactive|Unikatze has 90 seconds left.
|
|t:|1776969353
|move|p1a: Noctowl|Roost|p1a: Noctowl
|-heal|p1a: Noctowl|241/344
|-singleturn|p1a: Noctowl|move: Roost
|move|p2a: Dragapult|Dragon Darts|p1a: Noctowl
|-damage|p1a: Noctowl|174/344
|-anim|p2a: Dragapult|Dragon Darts|p1a: Noctowl
|-damage|p1a: Noctowl|107/344
|
|upkeep
|turn|15
|
|t:|1776969362
|move|p1a: Noctowl|Roost|p1a: Noctowl
|-heal|p1a: Noctowl|279/344
|-singleturn|p1a: Noctowl|move: Roost
|move|p2a: Dragapult|Dragon Darts|p1a: Noctowl
|-damage|p1a: Noctowl|212/344
|-anim|p2a: Dragapult|Dragon Darts|p1a: Noctowl
|-damage|p1a: Noctowl|145/344
|
|upkeep
|turn|16
|
|t:|1776969374
|move|p1a: Noctowl|Roost|p1a: Noctowl
|-heal|p1a: Noctowl|317/344
|-singleturn|p1a: Noctowl|move: Roost
|move|p2a: Dragapult|Dragon Darts|p1a: Noctowl
|-damage|p1a: Noctowl|247/344
|-anim|p2a: Dragapult|Dragon Darts|p1a: Noctowl
|-damage|p1a: Noctowl|174/344
|
|upkeep
|turn|17
|
|t:|1776969387
|move|p1a: Noctowl|Hurricane|p2a: Dragapult
|-damage|p2a: Dragapult|0 fnt
|faint|p2a: Dragapult
|
|upkeep
|
|t:|1776969392
|switch|p2a: Vigoroth|Vigoroth, L85, F|275/275
|turn|18
|inactive|typhon_27_ has 120 seconds left.
|
|t:|1776969425
|switch|p1a: Exeggutor|Exeggutor-Alola, L89, M, tera:Fire|186/314
|move|p2a: Vigoroth|Knock Off|p1a: Exeggutor
|-damage|p1a: Exeggutor|123/314
|-enditem|p1a: Exeggutor|Sitrus Berry|[from] move: Knock Off|[of] p2a: Vigoroth
|
|upkeep
|turn|19
|inactive|typhon_27_ has 120 seconds left.
|inactive|Unikatze has 90 seconds left.
|
|t:|1776969450
|switch|p2a: Scream Tail|Scream Tail, L84|330/330
|move|p1a: Exeggutor|Stun Spore|p2a: Scream Tail
|-status|p2a: Scream Tail|par
|
|upkeep
|turn|20
|inactive|Unikatze has 90 seconds left.
|
|t:|1776969468
|move|p1a: Exeggutor|Flamethrower|p2a: Scream Tail
|-damage|p2a: Scream Tail|218/330 par
|move|p2a: Scream Tail|Play Rough|p1a: Exeggutor
|-resisted|p1a: Exeggutor
|-damage|p1a: Exeggutor|87/314
|
|-heal|p2a: Scream Tail|238/330 par|[from] item: Leftovers
|upkeep
|turn|21
|inactive|Unikatze has 90 seconds left.
|
|t:|1776969480
|move|p1a: Exeggutor|Wood Hammer|p2a: Scream Tail
|-damage|p2a: Scream Tail|103/330 par
|-damage|p1a: Exeggutor|42/314|[from] Recoil
|cant|p2a: Scream Tail|par
|
|-heal|p2a: Scream Tail|123/330 par|[from] item: Leftovers
|upkeep
|turn|22
|
|t:|1776969491
|move|p1a: Exeggutor|Wood Hammer|p2a: Scream Tail
|-damage|p2a: Scream Tail|0 fnt
|faint|p2a: Scream Tail
|-end|p2a: Scream Tail|Protosynthesis|[silent]
|-damage|p1a: Exeggutor|1/314|[from] Recoil
|
|upkeep
|
|t:|1776969497
|switch|p2a: Vigoroth|Vigoroth, L85, F|275/275
|turn|23
|
|t:|1776969503
|move|p2a: Vigoroth|Knock Off|p1a: Exeggutor
|-damage|p1a: Exeggutor|0 fnt
|faint|p1a: Exeggutor
|
|upkeep
|
|t:|1776969510
|switch|p1a: Slither Wing|Slither Wing, L81|270/270
|turn|24
|inactive|typhon_27_ has 120 seconds left.
|
|t:|1776969519
|move|p1a: Slither Wing|First Impression|p2a: Vigoroth
|-damage|p2a: Vigoroth|172/275
|-damage|p1a: Slither Wing|243/270|[from] item: Life Orb
|move|p2a: Vigoroth|Bulk Up|p2a: Vigoroth
|-boost|p2a: Vigoroth|atk|1
|-boost|p2a: Vigoroth|def|1
|
|upkeep
|turn|25
|inactive|Unikatze has 120 seconds left.
|
|t:|1776969532
|move|p2a: Vigoroth|Bulk Up|p2a: Vigoroth
|-boost|p2a: Vigoroth|atk|1
|-boost|p2a: Vigoroth|def|1
|move|p1a: Slither Wing|Close Combat|p2a: Vigoroth
|-supereffective|p2a: Vigoroth
|-damage|p2a: Vigoroth|21/275
|-unboost|p1a: Slither Wing|def|1
|-unboost|p1a: Slither Wing|spd|1
|-damage|p1a: Slither Wing|216/270|[from] item: Life Orb
|
|upkeep
|turn|26
|inactive|Unikatze has 120 seconds left.
|
|t:|1776969547
|-end|p1a: Slither Wing|Protosynthesis|[silent]
|switch|p1a: Noctowl|Noctowl, L95, F|174/344
|move|p2a: Vigoroth|Body Slam|p1a: Noctowl
|-damage|p1a: Noctowl|0 fnt
|faint|p1a: Noctowl
|
|upkeep
|
|t:|1776969553
|switch|p1a: Slither Wing|Slither Wing, L81|216/270
|turn|27
|inactive|Unikatze has 120 seconds left.
|
|t:|1776969561
|move|p1a: Slither Wing|First Impression|p2a: Vigoroth
|-damage|p2a: Vigoroth|0 fnt
|faint|p2a: Vigoroth
|-damage|p1a: Slither Wing|189/270|[from] item: Life Orb
|
|win|Unikatze
|raw|Unikatze's rating: 1385 &rarr; <strong>1406</strong><br />(+21 for winning)
|raw|typhon_27_'s rating: 1411 &rarr; <strong>1390</strong><br />(-21 for losing)
|l|☆typhon_27_
|player|p2|
