|j|☆Scorch1420
|j|☆Beforanh2
|t:|1776979635
|gametype|singles
|player|p1|Scorch1420|265|1157
|player|p2|Beforanh2|101|1146
|gen|9
|tier|[Gen 9] Random Battle
|rated|
|rule|Species Clause: Limit one of each Pokémon
|rule|HP Percentage Mod: HP is shown in percentages
|rule|Sleep Clause Mod: Limit one foe put to sleep
|rule|Illusion Level Mod: Illusion disguises the Pokémon's true level
|
|t:|1776979635
|teamsize|p1|6
|teamsize|p2|6
|start
|switch|p1a: Sylveon|Sylveon, L85, M|300/300
|switch|p2a: Charizard|Charizard, L85, F|271/271
|turn|1
|
|t:|1776979654
|move|p2a: Charizard|Swords Dance|p2a: Charizard
|-boost|p2a: Charizard|atk|2
|move|p1a: Sylveon|Calm Mind|p1a: Sylveon
|-boost|p1a: Sylveon|spa|1
|-boost|p1a: Sylveon|spd|1
|
|upkeep
|turn|2
|
|t:|1776979661
|move|p2a: Charizard|Swords Dance|p2a: Charizard
|-boost|p2a: Charizard|atk|2
|move|p1a: Sylveon|Hyper Voice|p2a: Charizard
|-resisted|p2a: Charizard
|-damage|p2a: Charizard|180/271
|
|upkeep
|turn|3
|
|t:|1776979671
|move|p2a: Charizard|Earthquake|p1a: Sylveon
|-damage|p1a: Sylveon|57/300
|move|p1a: Sylveon|Hyper Voice|p2a: Charizard
|-resisted|p2a: Charizard
|-damage|p2a: Charizard|77/271
|
|-heal|p1a: Sylveon|75/300|[from] item: Leftovers
|upkeep
|turn|4
|
|t:|1776979681
|move|p2a: Charizard|Earthquake|p1a: Sylveon
|-damage|p1a: Sylveon|0 fnt
|faint|p1a: Sylveon
|
|upkeep
|
|t:|1776979689
|switch|p1a: Kingambit|Kingambit, L74, M|270/270
|-activate|p1a: Kingambit|ability: Supreme Overlord
|-start|p1a: Kingambit|fallen1|[silent]
|turn|5
|
|t:|1776979695
|move|p1a: Kingambit|Sucker Punch|p2a: Charizard
|-damage|p2a: Charizard|0 fnt
|faint|p2a: Charizard
|
|upkeep
|
|t:|1776979705
|switch|p2a: Stonjourner|Stonjourner, L91, F|330/330
|turn|6
|
|t:|1776979717
|-end|p1a: Kingambit|fallen1|[silent]
|switch|p1a: Chesnaught|Chesnaught, L84, M|285/285
|move|p2a: Stonjourner|Heat Crash|p1a: Chesnaught
|-supereffective|p1a: Chesnaught
|-damage|p1a: Chesnaught|28/285
|-damage|p2a: Stonjourner|297/330|[from] item: Life Orb
|
|-heal|p1a: Chesnaught|45/285|[from] item: Leftovers
|upkeep
|turn|7
|
|t:|1776979728
|move|p2a: Stonjourner|Heat Crash|p1a: Chesnaught
|-supereffective|p1a: Chesnaught
|-damage|p1a: Chesnaught|0 fnt
|faint|p1a: Chesnaught
|-damage|p2a: Stonjourner|264/330|[from] item: Life Orb
|
|upkeep
|
|t:|1776979734
|switch|p1a: Komala|Komala, L88, M|258/258
|-ability|p1a: Komala|Comatose
|turn|8
|
|t:|1776979751
|move|p2a: Stonjourner|Rock Polish|p2a: Stonjourner
|-boost|p2a: Stonjourner|spe|2
|move|p1a: Komala|Earthquake|p2a: Stonjourner
|-supereffective|p2a: Stonjourner
|-damage|p2a: Stonjourner|154/330
|
|upkeep
|turn|9
|
|t:|1776979758
|move|p2a: Stonjourner|Heat Crash|p1a: Komala
|-damage|p1a: Komala|62/258
|-damage|p2a: Stonjourner|121/330|[from] item: Life Orb
|move|p1a: Komala|Earthquake|p2a: Stonjourner
|-supereffective|p2a: Stonjourner
|-damage|p2a: Stonjourner|13/330
|
|upkeep
|turn|10
|
|t:|1776979766
|move|p2a: Stonjourner|Heat Crash|p1a: Komala
|-damage|p1a: Komala|0 fnt
|faint|p1a: Komala
|-damage|p2a: Stonjourner|0 fnt|[from] item: Life Orb
|faint|p2a: Stonjourner
|
|upkeep
|
|t:|1776979776
|switch|p2a: Illumise|Illumise, L91, F|266/266
|switch|p1a: Kingambit|Kingambit, L74, M|270/270
|-activate|p1a: Kingambit|ability: Supreme Overlord
|-start|p1a: Kingambit|fallen3|[silent]
|turn|11
|
|t:|1776979785
|move|p2a: Illumise|Thunder Wave|p1a: Kingambit
|-hint|Since gen 7, Dark is immune to Prankster moves.
|-immune|p1a: Kingambit
|move|p1a: Kingambit|Swords Dance|p1a: Kingambit
|-boost|p1a: Kingambit|atk|2
|
|upkeep
|turn|12
|
|t:|1776979793
|move|p2a: Illumise|Encore|p1a: Kingambit
|-hint|Since gen 7, Dark is immune to Prankster moves.
|-immune|p1a: Kingambit
|move|p1a: Kingambit|Kowtow Cleave|p2a: Illumise
|-damage|p2a: Illumise|4/266
|
|upkeep
|turn|13
|
|t:|1776979801
|move|p2a: Illumise|Bug Buzz|p1a: Kingambit
|-damage|p1a: Kingambit|171/270
|move|p1a: Kingambit|Kowtow Cleave|p2a: Illumise
|-damage|p2a: Illumise|0 fnt
|faint|p2a: Illumise
|
|-heal|p1a: Kingambit|187/270|[from] item: Leftovers
|upkeep
|
|t:|1776979814
|switch|p2a: Swalot|Swalot, L90, M|326/326
|turn|14
|
|t:|1776979823
|move|p2a: Swalot|Knock Off|p1a: Kingambit
|-resisted|p1a: Kingambit
|-damage|p1a: Kingambit|160/270
|-enditem|p1a: Kingambit|Leftovers|[from] move: Knock Off|[of] p2a: Swalot
|move|p1a: Kingambit|Kowtow Cleave|p2a: Swalot
|-damage|p2a: Swalot|98/326
|
|-heal|p2a: Swalot|118/326|[from] item: Leftovers
|upkeep
|turn|15
|
|t:|1776979833
|move|p1a: Kingambit|Sucker Punch||[still]
|-fail|p1a: Kingambit
|move|p2a: Swalot|Toxic Spikes|p1a: Kingambit
|-sidestart|p1: Scorch1420|move: Toxic Spikes
|
|-heal|p2a: Swalot|138/326|[from] item: Leftovers
|upkeep
|turn|16
|
|t:|1776979841
|move|p2a: Swalot|Toxic Spikes|p1a: Kingambit
|-sidestart|p1: Scorch1420|move: Toxic Spikes
|move|p1a: Kingambit|Kowtow Cleave|p2a: Swalot
|-damage|p2a: Swalot|0 fnt
|faint|p2a: Swalot
|
|upkeep
|inactive|Battle timer is ON: inactive players will automatically lose when time's up. (requested by Scorch1420)
|
|t:|1776979849
|switch|p2a: Porygon-Z|Porygon-Z, L83|277/277
|turn|17
|
|t:|1776979860
|-terastallize|p2a: Porygon-Z|Fighting
|move|p2a: Porygon-Z|Tera Blast|p1a: Kingambit|[anim] Tera Blast Fighting
|-supereffective|p1a: Kingambit
|-damage|p1a: Kingambit|0 fnt
|faint|p1a: Kingambit
|-end|p1a: Kingambit|fallen3|[silent]
|-damage|p2a: Porygon-Z|250/277|[from] item: Life Orb
|
|upkeep
|
|t:|1776979868
|switch|p1a: Fezandipiti|Fezandipiti, L82, M|278/278
|-sideend|p1: Scorch1420|move: Toxic Spikes|[of] p1a: Fezandipiti
|turn|18
|
|t:|1776979888
|move|p1a: Fezandipiti|Moonblast|p2a: Porygon-Z
|-supereffective|p2a: Porygon-Z
|-damage|p2a: Porygon-Z|92/277
|-status|p2a: Porygon-Z|tox|[from] ability: Toxic Chain|[of] p1a: Fezandipiti
|move|p2a: Porygon-Z|Agility|p2a: Porygon-Z
|-boost|p2a: Porygon-Z|spe|2
|
|-damage|p2a: Porygon-Z|75/277 tox|[from] psn
|upkeep
|turn|19
|
|t:|1776979899
|move|p2a: Porygon-Z|Shadow Ball|p1a: Fezandipiti
|-damage|p1a: Fezandipiti|226/278
|-unboost|p1a: Fezandipiti|spd|1
|-damage|p2a: Porygon-Z|48/277 tox|[from] item: Life Orb
|move|p1a: Fezandipiti|Moonblast|p2a: Porygon-Z
|-supereffective|p2a: Porygon-Z
|-damage|p2a: Porygon-Z|0 fnt
|faint|p2a: Porygon-Z
|
|upkeep
|
|t:|1776979910
|switch|p2a: Cryogonal|Cryogonal, L89|287/287
|turn|20
|
|t:|1776979919
|move|p2a: Cryogonal|Freeze-Dry|p1a: Fezandipiti
|-damage|p1a: Fezandipiti|157/278
|move|p1a: Fezandipiti|Moonblast|p2a: Cryogonal
|-damage|p2a: Cryogonal|239/287
|-unboost|p2a: Cryogonal|spa|1
|
|upkeep
|turn|21
|
|t:|1776979932
|move|p2a: Cryogonal|Rapid Spin|p1a: Fezandipiti
|-damage|p1a: Fezandipiti|129/278
|-boost|p2a: Cryogonal|spe|1
|move|p1a: Fezandipiti|Gunk Shot|p2a: Cryogonal|[miss]
|-miss|p1a: Fezandipiti|p2a: Cryogonal
|
|upkeep
|turn|22
|
|t:|1776979940
|move|p2a: Cryogonal|Rapid Spin|p1a: Fezandipiti
|-damage|p1a: Fezandipiti|102/278
|-boost|p2a: Cryogonal|spe|1
|move|p1a: Fezandipiti|Gunk Shot|p2a: Cryogonal
|-damage|p2a: Cryogonal|73/287
|-status|p2a: Cryogonal|psn
|
|-damage|p2a: Cryogonal|38/287 psn|[from] psn
|upkeep
|turn|23
|c|☆Scorch1420|ez
|c|☆Scorch1420|ez
|c|☆Scorch1420|ez
|c|☆Scorch1420|get fucked
|c|☆Scorch1420|LMAO
|c|☆Scorch1420|ez
|
|t:|1776979952
|move|p2a: Cryogonal|Recover|p2a: Cryogonal
|-heal|p2a: Cryogonal|182/287 psn
|move|p1a: Fezandipiti|Moonblast|p2a: Cryogonal
|-damage|p2a: Cryogonal|133/287 psn
|
|-damage|p2a: Cryogonal|98/287 psn|[from] psn
|upkeep
|turn|24
|
|t:|1776979961
|move|p2a: Cryogonal|Recover|p2a: Cryogonal
|-heal|p2a: Cryogonal|242/287 psn
|move|p1a: Fezandipiti|Gunk Shot|p2a: Cryogonal|[miss]
|-miss|p1a: Fezandipiti|p2a: Cryogonal
|
|-damage|p2a: Cryogonal|207/287 psn|[from] psn
|upkeep
|turn|25
|
|t:|1776979969
|move|p2a: Cryogonal|Freeze-Dry|p1a: Fezandipiti
|-damage|p1a: Fezandipiti|59/278
|move|p1a: Fezandipiti|Gunk Shot|p2a: Cryogonal
|-damage|p2a: Cryogonal|59/287 psn
|
|-damage|p2a: Cryogonal|24/287 psn|[from] psn
|upkeep
|turn|26
|
|t:|1776979978
|move|p2a: Cryogonal|Recover|p2a: Cryogonal
|-heal|p2a: Cryogonal|168/287 psn
|move|p1a: Fezandipiti|Moonblast|p2a: Cryogonal
|-damage|p2a: Cryogonal|120/287 psn
|
|-damage|p2a: Cryogonal|85/287 psn|[from] psn
|upkeep
|turn|27
|
|t:|1776979987
|move|p2a: Cryogonal|Recover|p2a: Cryogonal
|-heal|p2a: Cryogonal|229/287 psn
|move|p1a: Fezandipiti|Moonblast|p2a: Cryogonal
|-damage|p2a: Cryogonal|178/287 psn
|-unboost|p2a: Cryogonal|spa|1
|
|-damage|p2a: Cryogonal|143/287 psn|[from] psn
|upkeep
|turn|28
|
|t:|1776979996
|move|p2a: Cryogonal|Recover|p2a: Cryogonal
|-heal|p2a: Cryogonal|287/287 psn
|move|p1a: Fezandipiti|Moonblast|p2a: Cryogonal
|-damage|p2a: Cryogonal|241/287 psn
|-unboost|p2a: Cryogonal|spa|1
|
|-damage|p2a: Cryogonal|206/287 psn|[from] psn
|upkeep
|turn|29
|
|t:|1776980006
|move|p2a: Cryogonal|Haze|p2a: Cryogonal
|-clearallboost
|move|p1a: Fezandipiti|Gunk Shot|p2a: Cryogonal
|-damage|p2a: Cryogonal|35/287 psn
|
|-damage|p2a: Cryogonal|0 fnt|[from] psn
|faint|p2a: Cryogonal
|
|win|Scorch1420
