|j|☆blaze0414
|j|☆Rodion15
|t:|1776984834
|gametype|singles
|player|p1|blaze0414|101|1081
|player|p2|Rodion15|gentleman-gen4|1115
|gen|9
|tier|[Gen 9] Random Battle
|rated|
|rule|Species Clause: Limit one of each Pokémon
|rule|HP Percentage Mod: HP is shown in percentages
|rule|Sleep Clause Mod: Limit one foe put to sleep
|rule|Illusion Level Mod: Illusion disguises the Pokémon's true level
|
|t:|1776984834
|teamsize|p1|6
|teamsize|p2|6
|start
|switch|p1a: Gumshoos|Gumshoos, L95, F|321/321
|switch|p2a: Ceruledge|Ceruledge, L78, M|245/245
|turn|1
|
|t:|1776984852
|move|p2a: Ceruledge|Swords Dance|p2a: Ceruledge
|-boost|p2a: Ceruledge|atk|2
|move|p1a: Gumshoos|Knock Off|p2a: Ceruledge
|-supereffective|p2a: Ceruledge
|-damage|p2a: Ceruledge|0 fnt
|-enditem|p2a: Ceruledge|Heavy-Duty Boots|[from] move: Knock Off|[of] p1a: Gumshoos
|faint|p2a: Ceruledge
|
|upkeep
|
|t:|1776984870
|switch|p2a: Klefki|Klefki, L84, M|233/233
|turn|2
|inactive|Battle timer is ON: inactive players will automatically lose when time's up. (requested by Rodion15)
|
|t:|1776984905
|switch|p1a: Meloetta|Meloetta, L82|298/298
|move|p2a: Klefki|Spikes|p1a: Meloetta
|-sidestart|p1: blaze0414|Spikes
|
|upkeep
|turn|3
|
|t:|1776984923
|move|p2a: Klefki|Thunder Wave|p1a: Meloetta
|-status|p1a: Meloetta|par
|move|p1a: Meloetta|Relic Song|p2a: Klefki
|-resisted|p2a: Klefki
|-damage|p2a: Klefki|177/233
|-status|p2a: Klefki|slp|[from] move: Relic Song
|-formechange|p1a: Meloetta|Meloetta-Pirouette|[msg]
|-damage|p1a: Meloetta|269/298 par|[from] item: Life Orb
|
|-heal|p2a: Klefki|191/233 slp|[from] item: Leftovers
|upkeep
|turn|4
|
|t:|1776984939
|cant|p2a: Klefki|slp
|move|p1a: Meloetta|Close Combat|p2a: Klefki
|-damage|p2a: Klefki|0 fnt
|-unboost|p1a: Meloetta|def|1
|-unboost|p1a: Meloetta|spd|1
|faint|p2a: Klefki
|-damage|p1a: Meloetta|240/298 par|[from] item: Life Orb
|
|upkeep
|
|t:|1776984951
|switch|p2a: Raging Bolt|Raging Bolt, L78|323/323
|turn|5
|
|t:|1776984961
|move|p2a: Raging Bolt|Thunderclap|p1a: Meloetta
|-damage|p1a: Meloetta|101/298 par
|move|p1a: Meloetta|Triple Axel|p2a: Raging Bolt
|-supereffective|p2a: Raging Bolt
|-damage|p2a: Raging Bolt|274/323
|-supereffective|p2a: Raging Bolt
|-damage|p2a: Raging Bolt|188/323
|-supereffective|p2a: Raging Bolt
|-damage|p2a: Raging Bolt|55/323
|-hitcount|p2a: Raging Bolt|3
|-damage|p1a: Meloetta|72/298 par|[from] item: Life Orb
|
|-heal|p2a: Raging Bolt|75/323|[from] item: Leftovers
|upkeep
|turn|6
|
|t:|1776984978
|move|p2a: Raging Bolt|Thunderclap|p1a: Meloetta
|-damage|p1a: Meloetta|0 fnt
|faint|p1a: Meloetta
|
|-heal|p2a: Raging Bolt|95/323|[from] item: Leftovers
|upkeep
|
|t:|1776984992
|switch|p1a: Gumshoos|Gumshoos, L95, F|321/321
|-damage|p1a: Gumshoos|281/321|[from] Spikes
|turn|7
|
|t:|1776985002
|move|p2a: Raging Bolt|Thunderbolt|p1a: Gumshoos
|-damage|p1a: Gumshoos|163/321
|move|p1a: Gumshoos|Earthquake|p2a: Raging Bolt
|-supereffective|p2a: Raging Bolt
|-damage|p2a: Raging Bolt|0 fnt
|faint|p2a: Raging Bolt
|-end|p2a: Raging Bolt|Protosynthesis|[silent]
|
|upkeep
|
|t:|1776985012
|switch|p2a: Rayquaza|Rayquaza, L72|270/270
|-ability|p2a: Rayquaza|Air Lock
|turn|8
|inactive|blaze0414 has 120 seconds left.
|
|t:|1776985050
|switch|p1a: Grumpig|Grumpig, L92, M|297/297
|-damage|p1a: Grumpig|260/297|[from] Spikes
|move|p2a: Rayquaza|Dragon Dance|p2a: Rayquaza
|-boost|p2a: Rayquaza|atk|1
|-boost|p2a: Rayquaza|spe|1
|
|upkeep
|turn|9
|inactive|blaze0414 has 120 seconds left.
|
|t:|1776985072
|-terastallize|p2a: Rayquaza|Flying
|move|p2a: Rayquaza|Outrage|p1a: Grumpig
|-damage|p1a: Grumpig|14/297
|move|p1a: Grumpig|Psyshock|p2a: Rayquaza
|-damage|p2a: Rayquaza|101/270
|
|upkeep
|turn|10
|inactive|blaze0414 has 120 seconds left.
|
|t:|1776985081
|move|p2a: Rayquaza|Outrage|p1a: Grumpig|[from] lockedmove
|-damage|p1a: Grumpig|0 fnt
|faint|p1a: Grumpig
|
|upkeep
|inactive|blaze0414 has 120 seconds left.
|
|t:|1776985096
|switch|p1a: Suicune|Suicune, L82|298/298
|-damage|p1a: Suicune|261/298|[from] Spikes
|-ability|p1a: Suicune|Pressure
|turn|11
|inactive|blaze0414 has 120 seconds left.
|
|t:|1776985105
|move|p2a: Rayquaza|Outrage|p1a: Suicune|[from] lockedmove
|-damage|p1a: Suicune|102/298
|-start|p2a: Rayquaza|confusion|[fatigue]
|move|p1a: Suicune|Scald|p2a: Rayquaza
|-damage|p2a: Rayquaza|19/270
|
|-heal|p1a: Suicune|120/298|[from] item: Leftovers
|upkeep
|turn|12
|
|t:|1776985118
|-activate|p2a: Rayquaza|confusion
|move|p2a: Rayquaza|Earthquake|p1a: Suicune
|-damage|p1a: Suicune|30/298
|move|p1a: Suicune|Rest|p1a: Suicune
|-status|p1a: Suicune|slp|[from] move: Rest
|-heal|p1a: Suicune|298/298 slp|[silent]
|
|upkeep
|turn|13
|
|t:|1776985130
|-activate|p2a: Rayquaza|confusion
|move|p2a: Rayquaza|Earthquake|p1a: Suicune
|-damage|p1a: Suicune|202/298 slp
|cant|p1a: Suicune|slp
|move|p1a: Suicune|Sleep Talk|p1a: Suicune
|move|p1a: Suicune|Calm Mind|p1a: Suicune|[from] move: Sleep Talk
|-boost|p1a: Suicune|spa|1
|-boost|p1a: Suicune|spd|1
|
|-heal|p1a: Suicune|220/298 slp|[from] item: Leftovers
|upkeep
|turn|14
|
|t:|1776985143
|-activate|p2a: Rayquaza|confusion
|move|p2a: Rayquaza|Outrage|p1a: Suicune
|-damage|p1a: Suicune|64/298 slp
|cant|p1a: Suicune|slp
|move|p1a: Suicune|Sleep Talk|p1a: Suicune
|move|p1a: Suicune|Rest||[from] move: Sleep Talk|[still]
|-fail|p1a: Suicune
|
|-heal|p1a: Suicune|82/298 slp|[from] item: Leftovers
|upkeep
|turn|15
|
|t:|1776985155
|-activate|p2a: Rayquaza|confusion
|move|p2a: Rayquaza|Outrage|p1a: Suicune|[from] lockedmove
|-damage|p1a: Suicune|0 fnt
|faint|p1a: Suicune
|
|upkeep
|
|t:|1776985162
|switch|p1a: Gumshoos|Gumshoos, L95, F|163/321
|-damage|p1a: Gumshoos|123/321|[from] Spikes
|turn|16
|
|t:|1776985167
|-end|p2a: Rayquaza|confusion
|move|p2a: Rayquaza|Outrage|p1a: Gumshoos|[from] lockedmove
|-damage|p1a: Gumshoos|0 fnt
|faint|p1a: Gumshoos
|-start|p2a: Rayquaza|confusion|[fatigue]
|
|upkeep
|
|t:|1776985174
|switch|p1a: Bastiodon|Bastiodon, L89, F|252/252
|-damage|p1a: Bastiodon|221/252|[from] Spikes
|turn|17
|
|t:|1776985183
|-activate|p2a: Rayquaza|confusion
|move|p2a: Rayquaza|Earthquake|p1a: Bastiodon
|-supereffective|p1a: Bastiodon
|-crit|p1a: Bastiodon
|-damage|p1a: Bastiodon|0 fnt
|faint|p1a: Bastiodon
|
|upkeep
|
|t:|1776985188
|switch|p1a: Brute Bonnet|Brute Bonnet, L80|309/309
|-damage|p1a: Brute Bonnet|271/309|[from] Spikes
|turn|18
|
|t:|1776985203
|move|p1a: Brute Bonnet|Sucker Punch|p2a: Rayquaza
|-damage|p2a: Rayquaza|0 fnt
|faint|p2a: Rayquaza
|
|-heal|p1a: Brute Bonnet|290/309|[from] item: Leftovers
|upkeep
|
|t:|1776985209
|switch|p2a: Kleavor|Kleavor, L78, M|237/237
|turn|19
|
|t:|1776985221
|-terastallize|p1a: Brute Bonnet|Fighting
|move|p2a: Kleavor|X-Scissor|p1a: Brute Bonnet
|-resisted|p1a: Brute Bonnet
|-damage|p1a: Brute Bonnet|224/309
|move|p1a: Brute Bonnet|Spore|p2a: Kleavor
|-status|p2a: Kleavor|slp|[from] move: Spore
|
|-heal|p1a: Brute Bonnet|243/309|[from] item: Leftovers
|upkeep
|turn|20
|
|t:|1776985233
|switch|p2a: Basculin|Basculin, L86, F|261/261
|move|p1a: Brute Bonnet|Crunch|p2a: Basculin
|-damage|p2a: Basculin|143/261
|
|-heal|p1a: Brute Bonnet|262/309|[from] item: Leftovers
|upkeep
|turn|21
|
|t:|1776985246
|move|p2a: Basculin|Wave Crash|p1a: Brute Bonnet
|-damage|p1a: Brute Bonnet|26/309
|-damage|p2a: Basculin|65/261|[from] Recoil
|move|p1a: Brute Bonnet|Spore|p2a: Basculin
|-message|Sleep Clause Mod activated.
|-hint|Sleep Clause Mod prevents players from putting more than one of their opponent's Pokémon to sleep at a time
|
|-heal|p1a: Brute Bonnet|45/309|[from] item: Leftovers
|upkeep
|turn|22
|
|t:|1776985259
|move|p1a: Brute Bonnet|Sucker Punch|p2a: Basculin
|-damage|p2a: Basculin|0 fnt
|faint|p2a: Basculin
|
|-heal|p1a: Brute Bonnet|64/309|[from] item: Leftovers
|upkeep
|
|t:|1776985265
|switch|p2a: Kleavor|Kleavor, L78, M|237/237 slp
|turn|23
|
|t:|1776985284
|cant|p2a: Kleavor|slp
|move|p1a: Brute Bonnet|Close Combat|p2a: Kleavor
|-crit|p2a: Kleavor
|-damage|p2a: Kleavor|20/237 slp
|-unboost|p1a: Brute Bonnet|def|1
|-unboost|p1a: Brute Bonnet|spd|1
|
|-heal|p1a: Brute Bonnet|83/309|[from] item: Leftovers
|upkeep
|turn|24
|
|t:|1776985297
|cant|p2a: Kleavor|slp
|move|p1a: Brute Bonnet|Close Combat|p2a: Kleavor
|-damage|p2a: Kleavor|0 fnt
|-unboost|p1a: Brute Bonnet|def|1
|-unboost|p1a: Brute Bonnet|spd|1
|faint|p2a: Kleavor
|
|win|blaze0414
|raw|blaze0414's rating: 1081 &rarr; <strong>1112</strong><br />(+31 for winning)
|raw|Rodion15's rating: 1115 &rarr; <strong>1088</strong><br />(-27 for losing)
|l|☆blaze0414
|player|p1|
