|j|☆onestopgaming
|j|☆Typhlosionluck
|t:|1772743527
|gametype|singles
|player|p1|onestopgaming|hoopster|
|player|p2|Typhlosionluck|169|
|gen|9
|tier|[Gen 9] Random Battle
|rule|Species Clause: Limit one of each Pokémon
|rule|HP Percentage Mod: HP is shown in percentages
|rule|Sleep Clause Mod: Limit one foe put to sleep
|rule|Illusion Level Mod: Illusion disguises the Pokémon's true level
|
|t:|1772743527
|teamsize|p1|6
|teamsize|p2|6
|start
|switch|p1a: Vaporeon|Vaporeon, L86, M|364/364
|switch|p2a: Giratina|Giratina, L75|349/349
|-ability|p2a: Giratina|Pressure
|turn|1
|
|t:|1772743561
|move|p1a: Vaporeon|Protect|p1a: Vaporeon
|-singleturn|p1a: Vaporeon|Protect
|move|p2a: Giratina|Dragon Tail|p1a: Vaporeon
|-activate|p1a: Vaporeon|move: Protect
|
|upkeep
|turn|2
|
|t:|1772743577
|switch|p2a: Perrserker|Perrserker, L89, F|269/269
|move|p1a: Vaporeon|Calm Mind|p1a: Vaporeon
|-boost|p1a: Vaporeon|spa|1
|-boost|p1a: Vaporeon|spd|1
|
|upkeep
|turn|3
|
|t:|1772743587
|move|p1a: Vaporeon|Protect|p1a: Vaporeon
|-singleturn|p1a: Vaporeon|Protect
|move|p2a: Perrserker|Knock Off|p1a: Vaporeon
|-activate|p1a: Vaporeon|move: Protect
|
|upkeep
|turn|4
|
|t:|1772743593
|move|p1a: Vaporeon|Calm Mind|p1a: Vaporeon
|-boost|p1a: Vaporeon|spa|1
|-boost|p1a: Vaporeon|spd|1
|move|p2a: Perrserker|Knock Off|p1a: Vaporeon
|-damage|p1a: Vaporeon|153/364
|-enditem|p1a: Vaporeon|Leftovers|[from] move: Knock Off|[of] p2a: Perrserker
|
|upkeep
|turn|5
|
|t:|1772743600
|move|p1a: Vaporeon|Scald|p2a: Perrserker
|-damage|p2a: Perrserker|26/269
|-status|p2a: Perrserker|brn
|move|p2a: Perrserker|Knock Off|p1a: Vaporeon
|-damage|p1a: Vaporeon|85/364
|
|-damage|p2a: Perrserker|10/269 brn|[from] brn
|upkeep
|turn|6
|
|t:|1772743609
|move|p1a: Vaporeon|Wish|p1a: Vaporeon
|move|p2a: Perrserker|Knock Off|p1a: Vaporeon
|-damage|p1a: Vaporeon|17/364
|
|-damage|p2a: Perrserker|0 fnt|[from] brn
|faint|p2a: Perrserker
|upkeep
|
|t:|1772743615
|switch|p2a: Minior|Minior-Orange, L79|224/224
|-formechange|p2a: Minior|Minior-Meteor||[from] ability: Shields Down
|turn|7
|
|t:|1772743621
|move|p1a: Vaporeon|Protect|p1a: Vaporeon
|-singleturn|p1a: Vaporeon|Protect
|move|p2a: Minior|Shell Smash|p2a: Minior
|-unboost|p2a: Minior|def|1
|-unboost|p2a: Minior|spd|1
|-boost|p2a: Minior|atk|2
|-boost|p2a: Minior|spa|2
|-boost|p2a: Minior|spe|2
|-enditem|p2a: Minior|White Herb
|-clearnegativeboost|p2a: Minior|[silent]
|
|-heal|p1a: Vaporeon|199/364|[from] move: Wish|[wisher] Vaporeon
|upkeep
|turn|8
|
|t:|1772743636
|move|p2a: Minior|Acrobatics|p1a: Vaporeon
|-damage|p1a: Vaporeon|6/364
|move|p1a: Vaporeon|Scald|p2a: Minior
|-supereffective|p2a: Minior
|-damage|p2a: Minior|0 fnt
|faint|p2a: Minior
|
|upkeep
|
|t:|1772743663
|switch|p2a: Breloom|Breloom, L83, M|235/235
|turn|9
|
|t:|1772743676
|move|p2a: Breloom|Mach Punch|p1a: Vaporeon
|-damage|p1a: Vaporeon|0 fnt
|faint|p1a: Vaporeon
|-damage|p2a: Breloom|212/235|[from] item: Life Orb
|
|upkeep
|
|t:|1772743699
|switch|p1a: Rayquaza|Rayquaza, L72|270/270
|-ability|p1a: Rayquaza|Air Lock
|turn|10
|
|t:|1772743721
|move|p1a: Rayquaza|Dragon Ascent|p2a: Breloom
|-supereffective|p2a: Breloom
|-damage|p2a: Breloom|0 fnt
|-unboost|p1a: Rayquaza|def|1
|-unboost|p1a: Rayquaza|spd|1
|faint|p2a: Breloom
|
|upkeep
|
|t:|1772743740
|switch|p2a: Milotic|Milotic, L83, F|293/293
|turn|11
|
|t:|1772743745
|switch|p1a: Jolteon|Jolteon, L84, M|246/246
|move|p2a: Milotic|Ice Beam|p1a: Jolteon
|-damage|p1a: Jolteon|190/246
|
|upkeep
|turn|12
|
|t:|1772743752
|switch|p2a: Giratina|Giratina, L75|349/349
|-ability|p2a: Giratina|Pressure
|move|p1a: Jolteon|Calm Mind|p1a: Jolteon
|-boost|p1a: Jolteon|spa|1
|-boost|p1a: Jolteon|spd|1
|
|upkeep
|turn|13
|
|t:|1772743761
|move|p1a: Jolteon|Alluring Voice|p2a: Giratina
|-supereffective|p2a: Giratina
|-damage|p2a: Giratina|141/349
|-damage|p1a: Jolteon|166/246|[from] item: Life Orb
|move|p2a: Giratina|Dragon Tail|p1a: Jolteon
|-damage|p1a: Jolteon|99/246
|drag|p1a: Pachirisu|Pachirisu, L96, M|271/271
|
|-heal|p2a: Giratina|162/349|[from] item: Leftovers
|upkeep
|turn|14
|
|t:|1772743778
|move|p1a: Pachirisu|Nuzzle|p2a: Giratina
|-resisted|p2a: Giratina
|-damage|p2a: Giratina|154/349
|-status|p2a: Giratina|par
|cant|p2a: Giratina|par
|
|-heal|p2a: Giratina|175/349 par|[from] item: Leftovers
|upkeep
|turn|15
|
|t:|1772743785
|move|p1a: Pachirisu|Thunderbolt|p2a: Giratina
|-resisted|p2a: Giratina
|-damage|p2a: Giratina|144/349 par
|move|p2a: Giratina|Rest|p2a: Giratina
|-status|p2a: Giratina|slp|[from] move: Rest
|-heal|p2a: Giratina|349/349 slp|[silent]
|
|upkeep
|turn|16
|
|t:|1772743798
|switch|p1a: Rayquaza|Rayquaza, L72|270/270
|-ability|p1a: Rayquaza|Air Lock
|cant|p2a: Giratina|slp
|
|upkeep
|turn|17
|
|t:|1772743806
|move|p1a: Rayquaza|Dragon Dance|p1a: Rayquaza
|-boost|p1a: Rayquaza|atk|1
|-boost|p1a: Rayquaza|spe|1
|cant|p2a: Giratina|slp
|
|upkeep
|turn|18
|
|t:|1772743812
|-terastallize|p2a: Giratina|Fairy
|move|p1a: Rayquaza|Dragon Dance|p1a: Rayquaza
|-boost|p1a: Rayquaza|atk|1
|-boost|p1a: Rayquaza|spe|1
|-curestatus|p2a: Giratina|slp|[msg]
|move|p2a: Giratina|Dragon Tail|p1a: Rayquaza
|-supereffective|p1a: Rayquaza
|-damage|p1a: Rayquaza|144/270
|drag|p1a: Goodra|Goodra, L85, M|292/292
|
|upkeep
|turn|19
|
|t:|1772743827
|move|p1a: Goodra|Fire Blast|p2a: Giratina
|-damage|p2a: Giratina|275/349
|move|p2a: Giratina|Dragon Tail|p1a: Goodra
|-supereffective|p1a: Goodra
|-damage|p1a: Goodra|176/292
|drag|p1a: Pachirisu|Pachirisu, L96, M|271/271
|
|-heal|p2a: Giratina|296/349|[from] item: Leftovers
|upkeep
|turn|20
|
|t:|1772743844
|move|p1a: Pachirisu|Super Fang|p2a: Giratina
|-damage|p2a: Giratina|148/349
|move|p2a: Giratina|Rest|p2a: Giratina
|-status|p2a: Giratina|slp|[from] move: Rest
|-heal|p2a: Giratina|349/349 slp|[silent]
|
|upkeep
|turn|21
|
|t:|1772743851
|move|p1a: Pachirisu|Super Fang|p2a: Giratina
|-damage|p2a: Giratina|175/349 slp
|cant|p2a: Giratina|slp
|
|-heal|p2a: Giratina|196/349 slp|[from] item: Leftovers
|upkeep
|turn|22
|
|t:|1772743860
|move|p1a: Pachirisu|Super Fang|p2a: Giratina
|-damage|p2a: Giratina|98/349 slp
|cant|p2a: Giratina|slp
|
|-heal|p2a: Giratina|119/349 slp|[from] item: Leftovers
|upkeep
|turn|23
|
|t:|1772743866
|move|p1a: Pachirisu|Super Fang|p2a: Giratina
|-damage|p2a: Giratina|60/349 slp
|-curestatus|p2a: Giratina|slp|[msg]
|move|p2a: Giratina|Shadow Ball|p1a: Pachirisu
|-damage|p1a: Pachirisu|225/271
|
|-heal|p2a: Giratina|81/349|[from] item: Leftovers
|upkeep
|turn|24
|
|t:|1772743876
|move|p1a: Pachirisu|Super Fang|p2a: Giratina
|-damage|p2a: Giratina|41/349
|move|p2a: Giratina|Rest|p2a: Giratina
|-status|p2a: Giratina|slp|[from] move: Rest
|-heal|p2a: Giratina|349/349 slp|[silent]
|
|upkeep
|turn|25
|
|t:|1772743893
|switch|p1a: Rayquaza|Rayquaza, L72|144/270
|-ability|p1a: Rayquaza|Air Lock
|cant|p2a: Giratina|slp
|
|upkeep
|turn|26
|
|t:|1772743901
|move|p1a: Rayquaza|Dragon Dance|p1a: Rayquaza
|-boost|p1a: Rayquaza|atk|1
|-boost|p1a: Rayquaza|spe|1
|cant|p2a: Giratina|slp
|
|upkeep
|turn|27
|
|t:|1772743907
|move|p1a: Rayquaza|Dragon Ascent|p2a: Giratina
|-damage|p2a: Giratina|189/349 slp
|-unboost|p1a: Rayquaza|def|1
|-unboost|p1a: Rayquaza|spd|1
|-curestatus|p2a: Giratina|slp|[msg]
|move|p2a: Giratina|Dragon Tail|p1a: Rayquaza
|-supereffective|p1a: Rayquaza
|-damage|p1a: Rayquaza|0 fnt
|faint|p1a: Rayquaza
|
|-heal|p2a: Giratina|210/349|[from] item: Leftovers
|upkeep
|
|t:|1772743925
|switch|p1a: Jolteon|Jolteon, L84, M|99/246
|turn|28
|
|t:|1772743935
|switch|p1a: Clawitzer|Clawitzer, L87, M|265/265
|move|p2a: Giratina|Rest|p2a: Giratina
|-status|p2a: Giratina|slp|[from] move: Rest
|-heal|p2a: Giratina|349/349 slp|[silent]
|
|upkeep
|turn|29
|
|t:|1772743962
|switch|p1a: Goodra|Goodra, L85, M|176/292
|cant|p2a: Giratina|slp
|
|upkeep
|turn|30
|
|t:|1772743974
|-terastallize|p1a: Goodra|Ground
|move|p1a: Goodra|Earthquake|p2a: Giratina
|-damage|p2a: Giratina|252/349 slp
|cant|p2a: Giratina|slp
|
|-heal|p2a: Giratina|273/349 slp|[from] item: Leftovers
|upkeep
|turn|31
|
|t:|1772743985
|move|p1a: Goodra|Scald|p2a: Giratina
|-damage|p2a: Giratina|221/349 slp
|-curestatus|p2a: Giratina|slp|[msg]
|move|p2a: Giratina|Shadow Ball|p1a: Goodra
|-damage|p1a: Goodra|146/292
|
|-heal|p2a: Giratina|242/349|[from] item: Leftovers
|upkeep
|turn|32
|
|t:|1772743997
|switch|p1a: Clawitzer|Clawitzer, L87, M|265/265
|move|p2a: Giratina|Dragon Tail|p1a: Clawitzer
|-damage|p1a: Clawitzer|210/265
|drag|p1a: Jolteon|Jolteon, L84, M|99/246
|
|-heal|p2a: Giratina|263/349|[from] item: Leftovers
|upkeep
|turn|33
|
|t:|1772744007
|switch|p1a: Pachirisu|Pachirisu, L96, M|225/271
|move|p2a: Giratina|Shadow Ball|p1a: Pachirisu
|-damage|p1a: Pachirisu|182/271
|
|-heal|p2a: Giratina|284/349|[from] item: Leftovers
|upkeep
|turn|34
|
|t:|1772744015
|move|p1a: Pachirisu|Nuzzle|p2a: Giratina
|-damage|p2a: Giratina|269/349
|-status|p2a: Giratina|par
|move|p2a: Giratina|Dragon Tail|p1a: Pachirisu
|-damage|p1a: Pachirisu|122/271
|drag|p1a: Jolteon|Jolteon, L84, M|99/246
|
|-heal|p2a: Giratina|290/349 par|[from] item: Leftovers
|upkeep
|turn|35
|
|t:|1772744027
|move|p1a: Jolteon|Alluring Voice|p2a: Giratina
|-damage|p2a: Giratina|219/349 par
|-damage|p1a: Jolteon|75/246|[from] item: Life Orb
|move|p2a: Giratina|Rest|p2a: Giratina
|-status|p2a: Giratina|slp|[from] move: Rest
|-heal|p2a: Giratina|349/349 slp|[silent]
|
|upkeep
|turn|36
|
|t:|1772744046
|move|p1a: Jolteon|Thunderbolt|p2a: Giratina
|-damage|p2a: Giratina|240/349 slp
|-damage|p1a: Jolteon|51/246|[from] item: Life Orb
|cant|p2a: Giratina|slp
|
|-heal|p2a: Giratina|261/349 slp|[from] item: Leftovers
|upkeep
|turn|37
|
|t:|1772744058
|switch|p1a: Clawitzer|Clawitzer, L87, M|210/265
|cant|p2a: Giratina|slp
|
|-heal|p2a: Giratina|282/349 slp|[from] item: Leftovers
|upkeep
|turn|38
|
|t:|1772744069
|move|p1a: Clawitzer|Water Pulse|p2a: Giratina
|-damage|p2a: Giratina|183/349 slp
|-curestatus|p2a: Giratina|slp|[msg]
|move|p2a: Giratina|Dragon Tail|p1a: Clawitzer
|-damage|p1a: Clawitzer|162/265
|drag|p1a: Jolteon|Jolteon, L84, M|51/246
|
|-heal|p2a: Giratina|204/349|[from] item: Leftovers
|upkeep
|turn|39
|
|t:|1772744087
|move|p1a: Jolteon|Thunderbolt|p2a: Giratina
|-damage|p2a: Giratina|91/349
|-status|p2a: Giratina|par
|-damage|p1a: Jolteon|27/246|[from] item: Life Orb
|move|p2a: Giratina|Rest|p2a: Giratina
|-status|p2a: Giratina|slp|[from] move: Rest
|-heal|p2a: Giratina|349/349 slp|[silent]
|
|upkeep
|turn|40
|
|t:|1772744100
|switch|p1a: Clawitzer|Clawitzer, L87, M|162/265
|cant|p2a: Giratina|slp
|
|upkeep
|turn|41
|
|t:|1772744115
|switch|p2a: Milotic|Milotic, L83, F|293/293
|move|p1a: Clawitzer|Water Pulse|p2a: Milotic
|-resisted|p2a: Milotic
|-damage|p2a: Milotic|251/293
|
|-heal|p2a: Milotic|269/293|[from] item: Leftovers
|upkeep
|turn|42
|
|t:|1772744125
|switch|p1a: Pachirisu|Pachirisu, L96, M|122/271
|move|p2a: Milotic|Ice Beam|p1a: Pachirisu
|-damage|p1a: Pachirisu|83/271
|
|-heal|p2a: Milotic|287/293|[from] item: Leftovers
|upkeep
|turn|43
|
|t:|1772744132
|switch|p2a: Giratina|Giratina, L75, tera:Fairy|349/349 slp
|-ability|p2a: Giratina|Pressure
|move|p1a: Pachirisu|Nuzzle|p2a: Giratina
|-damage|p2a: Giratina|334/349 slp
|
|-heal|p2a: Giratina|349/349 slp|[from] item: Leftovers
|upkeep
|turn|44
|
|t:|1772744142
|move|p1a: Pachirisu|Super Fang|p2a: Giratina
|-damage|p2a: Giratina|175/349 slp
|cant|p2a: Giratina|slp
|
|-heal|p2a: Giratina|196/349 slp|[from] item: Leftovers
|upkeep
|turn|45
|
|t:|1772744148
|move|p1a: Pachirisu|Nuzzle|p2a: Giratina
|-crit|p2a: Giratina
|-damage|p2a: Giratina|171/349 slp
|-curestatus|p2a: Giratina|slp|[msg]
|move|p2a: Giratina|Dragon Tail|p1a: Pachirisu
|-damage|p1a: Pachirisu|29/271
|drag|p1a: Jolteon|Jolteon, L84, M|27/246
|
|-heal|p2a: Giratina|192/349|[from] item: Leftovers
|upkeep
|turn|46
|
|t:|1772744159
|move|p1a: Jolteon|Thunderbolt|p2a: Giratina
|-damage|p2a: Giratina|71/349
|-damage|p1a: Jolteon|3/246|[from] item: Life Orb
|move|p2a: Giratina|Rest|p2a: Giratina
|-status|p2a: Giratina|slp|[from] move: Rest
|-heal|p2a: Giratina|349/349 slp|[silent]
|
|upkeep
|turn|47
|
|t:|1772744173
|switch|p1a: Clawitzer|Clawitzer, L87, M|162/265
|cant|p2a: Giratina|slp
|
|upkeep
|turn|48
|
|t:|1772744184
|switch|p2a: Milotic|Milotic, L83, F|287/293
|move|p1a: Clawitzer|Aura Sphere|p2a: Milotic
|-damage|p2a: Milotic|204/293
|
|-heal|p2a: Milotic|222/293|[from] item: Leftovers
|upkeep
|turn|49
|
|t:|1772744194
|move|p2a: Milotic|Recover|p2a: Milotic
|-heal|p2a: Milotic|293/293
|move|p1a: Clawitzer|Dragon Pulse|p2a: Milotic
|-damage|p2a: Milotic|207/293
|
|-heal|p2a: Milotic|225/293|[from] item: Leftovers
|upkeep
|turn|50
|
|t:|1772744205
|move|p2a: Milotic|Ice Beam|p1a: Clawitzer
|-resisted|p1a: Clawitzer
|-damage|p1a: Clawitzer|142/265
|move|p1a: Clawitzer|Dragon Pulse|p2a: Milotic
|-damage|p2a: Milotic|143/293
|
|-heal|p2a: Milotic|161/293|[from] item: Leftovers
|upkeep
|turn|51
|
|t:|1772744213
|move|p2a: Milotic|Recover|p2a: Milotic
|-heal|p2a: Milotic|293/293
|move|p1a: Clawitzer|Dragon Pulse|p2a: Milotic
|-damage|p2a: Milotic|202/293
|
|-heal|p2a: Milotic|220/293|[from] item: Leftovers
|upkeep
|turn|52
|
|t:|1772744224
|switch|p2a: Ceruledge|Ceruledge, L78, M|245/245
|move|p1a: Clawitzer|Dragon Pulse|p2a: Ceruledge
|-crit|p2a: Ceruledge
|-damage|p2a: Ceruledge|92/245
|
|upkeep
|turn|53
|
|t:|1772744233
|move|p2a: Ceruledge|Poltergeist|p1a: Clawitzer
|-activate|p1a: Clawitzer|move: Poltergeist|Assault Vest
|-damage|p1a: Clawitzer|27/265
|move|p1a: Clawitzer|Water Pulse|p2a: Ceruledge
|-supereffective|p2a: Ceruledge
|-damage|p2a: Ceruledge|0 fnt
|faint|p2a: Ceruledge
|
|upkeep
|
|t:|1772744241
|switch|p2a: Milotic|Milotic, L83, F|220/293
|turn|54
|
|t:|1772744253
|switch|p1a: Goodra|Goodra, L85, M, tera:Ground|146/292
|move|p2a: Milotic|Scald|p1a: Goodra
|-supereffective|p1a: Goodra
|-damage|p1a: Goodra|68/292
|
|-heal|p2a: Milotic|238/293|[from] item: Leftovers
|upkeep
|turn|55
|
|t:|1772744266
|move|p1a: Goodra|Draco Meteor|p2a: Milotic
|-damage|p2a: Milotic|126/293
|-unboost|p1a: Goodra|spa|2
|move|p2a: Milotic|Scald|p1a: Goodra
|-supereffective|p1a: Goodra
|-damage|p1a: Goodra|0 fnt
|faint|p1a: Goodra
|
|-heal|p2a: Milotic|144/293|[from] item: Leftovers
|upkeep
|
|t:|1772744277
|switch|p1a: Pachirisu|Pachirisu, L96, M|29/271
|turn|56
|
|t:|1772744280
|switch|p2a: Giratina|Giratina, L75, tera:Fairy|349/349 slp
|-ability|p2a: Giratina|Pressure
|move|p1a: Pachirisu|Nuzzle|p2a: Giratina
|-damage|p2a: Giratina|331/349 slp
|
|-heal|p2a: Giratina|349/349 slp|[from] item: Leftovers
|upkeep
|turn|57
|
|t:|1772744289
|move|p1a: Pachirisu|Super Fang|p2a: Giratina
|-damage|p2a: Giratina|175/349 slp
|cant|p2a: Giratina|slp
|
|-heal|p2a: Giratina|196/349 slp|[from] item: Leftovers
|upkeep
|turn|58
|
|t:|1772744295
|move|p1a: Pachirisu|Super Fang|p2a: Giratina
|-damage|p2a: Giratina|98/349 slp
|-curestatus|p2a: Giratina|slp|[msg]
|move|p2a: Giratina|Dragon Tail|p1a: Pachirisu|[miss]
|-miss|p2a: Giratina|p1a: Pachirisu
|
|-heal|p2a: Giratina|119/349|[from] item: Leftovers
|upkeep
|turn|59
|
|t:|1772744328
|move|p1a: Pachirisu|Thunderbolt|p2a: Giratina
|-crit|p2a: Giratina
|-damage|p2a: Giratina|23/349
|move|p2a: Giratina|Shadow Ball|p1a: Pachirisu
|-damage|p1a: Pachirisu|0 fnt
|faint|p1a: Pachirisu
|
|-heal|p2a: Giratina|44/349|[from] item: Leftovers
|upkeep
|
|t:|1772744338
|switch|p1a: Jolteon|Jolteon, L84, M|3/246
|turn|60
|
|t:|1772744343
|switch|p2a: Milotic|Milotic, L83, F|144/293
|move|p1a: Jolteon|Alluring Voice|p2a: Milotic
|-damage|p2a: Milotic|80/293
|-damage|p1a: Jolteon|0 fnt|[from] item: Life Orb
|faint|p1a: Jolteon
|
|-heal|p2a: Milotic|98/293|[from] item: Leftovers
|upkeep
|
|t:|1772744352
|switch|p1a: Clawitzer|Clawitzer, L87, M|27/265
|turn|61
|
|t:|1772744358
|move|p2a: Milotic|Ice Beam|p1a: Clawitzer
|-resisted|p1a: Clawitzer
|-damage|p1a: Clawitzer|7/265
|move|p1a: Clawitzer|Dragon Pulse|p2a: Milotic
|-damage|p2a: Milotic|14/293
|
|-heal|p2a: Milotic|32/293|[from] item: Leftovers
|upkeep
|turn|62
|
|t:|1772744366
|move|p2a: Milotic|Ice Beam|p1a: Clawitzer
|-resisted|p1a: Clawitzer
|-damage|p1a: Clawitzer|0 fnt
|faint|p1a: Clawitzer
|
|win|Typhlosionluck
|l|☆onestopgaming
|player|p1|
