|j|☆houdas
|j|☆JimothyTheSavage
|t:|1776984138
|gametype|singles
|player|p1|houdas|alder|1724
|player|p2|JimothyTheSavage|giovanni|1739
|gen|9
|tier|[Gen 9] Random Battle
|rated|
|rule|Species Clause: Limit one of each Pokémon
|rule|HP Percentage Mod: HP is shown in percentages
|rule|Sleep Clause Mod: Limit one foe put to sleep
|rule|Illusion Level Mod: Illusion disguises the Pokémon's true level
|
|t:|1776984138
|teamsize|p1|6
|teamsize|p2|6
|start
|switch|p1a: Glalie|Glalie, L96, M|309/309
|switch|p2a: Baxcalibur|Baxcalibur, L75, M|295/295
|turn|1
|inactive|Battle timer is ON: inactive players will automatically lose when time's up. (requested by JimothyTheSavage)
|
|t:|1776984163
|move|p1a: Glalie|Taunt|p2a: Baxcalibur
|-start|p2a: Baxcalibur|move: Taunt
|cant|p2a: Baxcalibur|move: Taunt|Swords Dance
|
|upkeep
|turn|2
|
|t:|1776984169
|move|p1a: Glalie|Spikes|p2a: Baxcalibur
|-sidestart|p2: JimothyTheSavage|Spikes
|move|p2a: Baxcalibur|Scale Shot|p1a: Glalie
|-crit|p1a: Glalie
|-damage|p1a: Glalie|264/309
|-damage|p1a: Glalie|234/309
|-damage|p1a: Glalie|203/309
|-damage|p1a: Glalie|172/309
|-hitcount|p1a: Glalie|4
|-unboost|p2a: Baxcalibur|def|1
|-boost|p2a: Baxcalibur|spe|1
|
|upkeep
|turn|3
|
|t:|1776984193
|move|p2a: Baxcalibur|Scale Shot|p1a: Glalie
|-damage|p1a: Glalie|142/309
|-damage|p1a: Glalie|112/309
|-damage|p1a: Glalie|82/309
|-damage|p1a: Glalie|52/309
|-hitcount|p1a: Glalie|4
|-unboost|p2a: Baxcalibur|def|1
|-boost|p2a: Baxcalibur|spe|1
|move|p1a: Glalie|Earthquake|p2a: Baxcalibur
|-damage|p2a: Baxcalibur|126/295
|
|-end|p2a: Baxcalibur|move: Taunt
|upkeep
|turn|4
|
|t:|1776984208
|switch|p1a: Granbull|Granbull, L88, M|302/302
|-ability|p1a: Granbull|Intimidate|boost
|-unboost|p2a: Baxcalibur|atk|1
|move|p2a: Baxcalibur|Earthquake|p1a: Granbull
|-damage|p1a: Granbull|243/302
|
|-heal|p1a: Granbull|261/302|[from] item: Leftovers
|upkeep
|turn|5
|
|t:|1776984218
|switch|p2a: Corviknight|Corviknight, L80, M|288/288
|move|p1a: Granbull|Play Rough|p2a: Corviknight
|-resisted|p2a: Corviknight
|-damage|p2a: Corviknight|234/288
|
|-heal|p2a: Corviknight|252/288|[from] item: Leftovers
|-heal|p1a: Granbull|279/302|[from] item: Leftovers
|upkeep
|turn|6
|
|t:|1776984231
|move|p2a: Corviknight|Brave Bird|p1a: Granbull
|-damage|p1a: Granbull|161/302
|-damage|p2a: Corviknight|213/288|[from] Recoil
|move|p1a: Granbull|Thunder Wave|p2a: Corviknight
|-status|p2a: Corviknight|par
|
|-heal|p1a: Granbull|179/302|[from] item: Leftovers
|-heal|p2a: Corviknight|231/288 par|[from] item: Leftovers
|upkeep
|turn|7
|
|t:|1776984242
|move|p1a: Granbull|Play Rough|p2a: Corviknight
|-resisted|p2a: Corviknight
|-damage|p2a: Corviknight|177/288 par
|cant|p2a: Corviknight|par
|
|-heal|p1a: Granbull|197/302|[from] item: Leftovers
|-heal|p2a: Corviknight|195/288 par|[from] item: Leftovers
|upkeep
|turn|8
|
|t:|1776984250
|move|p1a: Granbull|Play Rough|p2a: Corviknight
|-resisted|p2a: Corviknight
|-damage|p2a: Corviknight|138/288 par
|move|p2a: Corviknight|Defog|p1a: Granbull
|-unboost|p1a: Granbull|evasion|1
|-sideend|p2: JimothyTheSavage|Spikes|[from] move: Defog|[of] p2a: Corviknight
|
|-heal|p1a: Granbull|215/302|[from] item: Leftovers
|-heal|p2a: Corviknight|156/288 par|[from] item: Leftovers
|upkeep
|turn|9
|
|t:|1776984255
|move|p1a: Granbull|Encore|p2a: Corviknight
|-start|p2a: Corviknight|Encore
|move|p2a: Corviknight|Defog|p1a: Granbull
|-unboost|p1a: Granbull|evasion|1
|
|-heal|p1a: Granbull|233/302|[from] item: Leftovers
|-heal|p2a: Corviknight|174/288 par|[from] item: Leftovers
|upkeep
|turn|10
|
|t:|1776984261
|switch|p1a: Garganacl|Garganacl, L80, M|291/291
|switch|p2a: Okidogi|Okidogi, L77, M|262/262
|
|upkeep
|turn|11
|
|t:|1776984267
|switch|p2a: Corviknight|Corviknight, L80, M|174/288 par
|move|p1a: Garganacl|Iron Defense|p1a: Garganacl
|-boost|p1a: Garganacl|def|2
|
|-heal|p2a: Corviknight|192/288 par|[from] item: Leftovers
|upkeep
|turn|12
|
|t:|1776984272
|move|p1a: Garganacl|Salt Cure|p2a: Corviknight
|-damage|p2a: Corviknight|156/288 par
|-start|p2a: Corviknight|Salt Cure
|move|p2a: Corviknight|U-turn|p1a: Garganacl
|-damage|p1a: Garganacl|275/291
|
|t:|1776984279
|switch|p2a: Inteleon|Inteleon, L81, F|246/246|[from] U-turn
|
|-heal|p1a: Garganacl|291/291|[from] item: Leftovers
|upkeep
|turn|13
|
|t:|1776984304
|switch|p1a: Glalie|Glalie, L96, M|52/309
|move|p2a: Inteleon|Scald|p1a: Glalie
|-crit|p1a: Glalie
|-damage|p1a: Glalie|0 fnt
|faint|p1a: Glalie
|
|upkeep
|inactive|houdas has 120 seconds left.
|
|t:|1776984316
|switch|p1a: Granbull|Granbull, L88, M|233/302
|-ability|p1a: Granbull|Intimidate|boost
|-unboost|p2a: Inteleon|atk|1
|turn|14
|inactive|houdas has 120 seconds left.
|
|t:|1776984335
|switch|p2a: Corviknight|Corviknight, L80, M|156/288 par
|move|p1a: Granbull|Play Rough|p2a: Corviknight
|-resisted|p2a: Corviknight
|-damage|p2a: Corviknight|96/288 par
|
|-heal|p1a: Granbull|251/302|[from] item: Leftovers
|-heal|p2a: Corviknight|114/288 par|[from] item: Leftovers
|upkeep
|turn|15
|inactive|houdas has 120 seconds left.
|
|t:|1776984344
|switch|p1a: Garganacl|Garganacl, L80, M|291/291
|cant|p2a: Corviknight|par
|
|-heal|p2a: Corviknight|132/288 par|[from] item: Leftovers
|upkeep
|turn|16
|
|t:|1776984350
|move|p1a: Garganacl|Salt Cure|p2a: Corviknight
|-damage|p2a: Corviknight|93/288 par
|-start|p2a: Corviknight|Salt Cure
|move|p2a: Corviknight|U-turn|p1a: Garganacl
|-damage|p1a: Garganacl|259/291
|
|t:|1776984353
|switch|p2a: Inteleon|Inteleon, L81, F|246/246|[from] U-turn
|
|-heal|p1a: Garganacl|277/291|[from] item: Leftovers
|upkeep
|turn|17
|
|t:|1776984366
|move|p2a: Inteleon|Scald|p1a: Garganacl
|-supereffective|p1a: Garganacl
|-damage|p1a: Garganacl|0 fnt
|faint|p1a: Garganacl
|
|upkeep
|inactive|houdas has 120 seconds left.
|
|t:|1776984385
|switch|p1a: Scizor|Scizor, L79, F|240/240
|turn|18
|
|t:|1776984394
|move|p2a: Inteleon|Scald|p1a: Scizor
|-damage|p1a: Scizor|62/240
|-status|p1a: Scizor|brn
|move|p1a: Scizor|Swords Dance|p1a: Scizor
|-boost|p1a: Scizor|atk|2
|
|-damage|p1a: Scizor|47/240 brn|[from] brn
|upkeep
|turn|19
|
|t:|1776984401
|move|p1a: Scizor|Bullet Punch|p2a: Inteleon
|-resisted|p2a: Inteleon
|-damage|p2a: Inteleon|184/246
|-damage|p1a: Scizor|23/240 brn|[from] item: Life Orb
|move|p2a: Inteleon|Scald|p1a: Scizor
|-damage|p1a: Scizor|0 fnt
|faint|p1a: Scizor
|
|upkeep
|
|t:|1776984414
|switch|p1a: Magcargo|Magcargo, L95, M|268/268
|turn|20
|
|t:|1776984424
|switch|p1a: Granbull|Granbull, L88, M|251/302
|-ability|p1a: Granbull|Intimidate|boost
|-unboost|p2a: Inteleon|atk|1
|move|p2a: Inteleon|Scald|p1a: Granbull
|-damage|p1a: Granbull|71/302
|
|-heal|p1a: Granbull|89/302|[from] item: Leftovers
|upkeep
|turn|21
|
|t:|1776984436
|move|p2a: Inteleon|Scald|p1a: Granbull
|-damage|p1a: Granbull|0 fnt
|faint|p1a: Granbull
|
|upkeep
|
|t:|1776984441
|switch|p1a: Magcargo|Magcargo, L95, M|268/268
|turn|22
|
|t:|1776984449
|-terastallize|p1a: Magcargo|Grass
|move|p2a: Inteleon|Scald|p1a: Magcargo
|-resisted|p1a: Magcargo
|-crit|p1a: Magcargo
|-damage|p1a: Magcargo|169/268
|move|p1a: Magcargo|Shell Smash|p1a: Magcargo
|-unboost|p1a: Magcargo|def|1
|-unboost|p1a: Magcargo|spd|1
|-boost|p1a: Magcargo|atk|2
|-boost|p1a: Magcargo|spa|2
|-boost|p1a: Magcargo|spe|2
|
|upkeep
|turn|23
|
|t:|1776984461
|switch|p2a: Baxcalibur|Baxcalibur, L75, M|126/295
|move|p1a: Magcargo|Shell Smash|p1a: Magcargo
|-unboost|p1a: Magcargo|def|1
|-unboost|p1a: Magcargo|spd|1
|-boost|p1a: Magcargo|atk|2
|-boost|p1a: Magcargo|spa|2
|-boost|p1a: Magcargo|spe|2
|
|upkeep
|turn|24
|
|t:|1776984467
|move|p1a: Magcargo|Power Gem|p2a: Baxcalibur
|-supereffective|p2a: Baxcalibur
|-damage|p2a: Baxcalibur|0 fnt
|faint|p2a: Baxcalibur
|
|upkeep
|
|t:|1776984476
|switch|p2a: Basculin|Basculin-Blue-Striped, L86, M|261/261
|turn|25
|
|t:|1776984496
|-terastallize|p2a: Basculin|Water
|move|p2a: Basculin|Aqua Jet|p1a: Magcargo
|-resisted|p1a: Magcargo
|-damage|p1a: Magcargo|103/268
|-ability|p1a: Magcargo|Weak Armor|boost
|-unboost|p1a: Magcargo|def|1
|-boost|p1a: Magcargo|spe|2
|move|p1a: Magcargo|Power Gem|p2a: Basculin
|-damage|p2a: Basculin|0 fnt
|faint|p2a: Basculin
|
|upkeep
|
|t:|1776984508
|switch|p2a: Okidogi|Okidogi, L77, M|262/262
|turn|26
|
|t:|1776984519
|move|p1a: Magcargo|Earth Power|p2a: Okidogi
|-supereffective|p2a: Okidogi
|-crit|p2a: Okidogi
|-damage|p2a: Okidogi|0 fnt
|faint|p2a: Okidogi
|
|upkeep
|
|t:|1776984527
|switch|p2a: Koraidon|Koraidon, L64|235/235
|-weather|SunnyDay|[from] ability: Orichalcum Pulse|[of] p2a: Koraidon
|-activate|p2a: Koraidon|Orichalcum Pulse|[source]
|turn|27
|
|t:|1776984547
|move|p1a: Magcargo|Power Gem|p2a: Koraidon
|-resisted|p2a: Koraidon
|-damage|p2a: Koraidon|47/235
|move|p2a: Koraidon|Close Combat|p1a: Magcargo
|-damage|p1a: Magcargo|0 fnt
|-unboost|p2a: Koraidon|def|1
|-unboost|p2a: Koraidon|spd|1
|faint|p1a: Magcargo
|
|-weather|SunnyDay|[upkeep]
|upkeep
|
|t:|1776984553
|switch|p1a: Dusknoir|Dusknoir, L89, M|225/225
|-item|p2a: Koraidon|Choice Band|[from] ability: Frisk|[of] p1a: Dusknoir
|turn|28
|
|t:|1776984561
|switch|p2a: Corviknight|Corviknight, L80, M|93/288 par
|move|p1a: Dusknoir|Poltergeist|p2a: Corviknight
|-activate|p2a: Corviknight|move: Poltergeist|Leftovers
|-damage|p2a: Corviknight|0 fnt
|faint|p2a: Corviknight
|
|-weather|SunnyDay|[upkeep]
|upkeep
|
|t:|1776984568
|switch|p2a: Koraidon|Koraidon, L64|47/235
|-activate|p2a: Koraidon|ability: Orichalcum Pulse
|turn|29
|
|t:|1776984581
|move|p2a: Koraidon|Outrage|p1a: Dusknoir
|-damage|p1a: Dusknoir|92/225
|move|p1a: Dusknoir|Poltergeist|p2a: Koraidon
|-activate|p2a: Koraidon|move: Poltergeist|Choice Band
|-damage|p2a: Koraidon|0 fnt
|faint|p2a: Koraidon
|
|-weather|SunnyDay|[upkeep]
|-heal|p1a: Dusknoir|106/225|[from] item: Leftovers
|upkeep
|
|t:|1776984587
|switch|p2a: Inteleon|Inteleon, L81, F|184/246
|turn|30
|
|t:|1776984595
|move|p2a: Inteleon|Scald|p1a: Dusknoir
|-damage|p1a: Dusknoir|58/225
|move|p1a: Dusknoir|Pain Split|p2a: Inteleon
|-sethp|p2a: Inteleon|121/246|[from] move: Pain Split|[silent]
|-sethp|p1a: Dusknoir|121/225|[from] move: Pain Split
|
|-weather|SunnyDay|[upkeep]
|-heal|p1a: Dusknoir|135/225|[from] item: Leftovers
|upkeep
|turn|31
|
|t:|1776984601
|move|p2a: Inteleon|Scald|p1a: Dusknoir
|-damage|p1a: Dusknoir|90/225
|-status|p1a: Dusknoir|brn
|move|p1a: Dusknoir|Poltergeist|p2a: Inteleon
|-activate|p2a: Inteleon|move: Poltergeist|Choice Specs
|-damage|p2a: Inteleon|36/246
|
|-weather|none
|-heal|p1a: Dusknoir|104/225 brn|[from] item: Leftovers
|-damage|p1a: Dusknoir|90/225 brn|[from] brn
|upkeep
|turn|32
|
|t:|1776984606
|move|p2a: Inteleon|Scald|p1a: Dusknoir
|-damage|p1a: Dusknoir|0 fnt
|faint|p1a: Dusknoir
|
|win|JimothyTheSavage
|raw|houdas's rating: 1724 &rarr; <strong>1705</strong><br />(-19 for losing)
|raw|JimothyTheSavage's rating: 1739 &rarr; <strong>1758</strong><br />(+19 for winning)
