|j|☆liljuicewrldvert
|j|☆podominus
|t:|1772746151
|gametype|singles
|player|p1|liljuicewrldvert|roxie|1469
|player|p2|podominus|swimmerf-gen4dp|1457
|gen|9
|tier|[Gen 9] Random Battle
|rated|
|rule|Species Clause: Limit one of each Pokémon
|rule|HP Percentage Mod: HP is shown in percentages
|rule|Sleep Clause Mod: Limit one foe put to sleep
|rule|Illusion Level Mod: Illusion disguises the Pokémon's true level
|
|t:|1772746151
|teamsize|p1|6
|teamsize|p2|6
|start
|switch|p1a: Pawmot|Pawmot, L80, M|243/243
|switch|p2a: Clodsire|Clodsire, L81, F|343/343
|turn|1
|inactive|Battle timer is ON: inactive players will automatically lose when time's up. (requested by liljuicewrldvert)
|
|t:|1772746162
|move|p1a: Pawmot|Ice Punch|p2a: Clodsire
|-supereffective|p2a: Clodsire
|-damage|p2a: Clodsire|104/343
|-damage|p1a: Pawmot|219/243|[from] item: Life Orb
|move|p2a: Clodsire|Toxic Spikes|p1a: Pawmot
|-sidestart|p1: liljuicewrldvert|move: Toxic Spikes
|
|-heal|p2a: Clodsire|125/343|[from] item: Leftovers
|upkeep
|turn|2
|
|t:|1772746172
|switch|p2a: Camerupt|Camerupt, L91, M|275/275
|move|p1a: Pawmot|Ice Punch|p2a: Camerupt
|-damage|p2a: Camerupt|187/275
|-damage|p1a: Pawmot|195/243|[from] item: Life Orb
|
|-heal|p2a: Camerupt|204/275|[from] item: Leftovers
|upkeep
|turn|3
|
|t:|1772746184
|switch|p1a: Dipplin|Dipplin, L88, M|284/284
|-status|p1a: Dipplin|psn
|move|p2a: Camerupt|Will-O-Wisp||[still]
|-fail|p2a: Camerupt
|
|-heal|p2a: Camerupt|221/275|[from] item: Leftovers
|-damage|p1a: Dipplin|249/284 psn|[from] psn
|upkeep
|turn|4
|
|t:|1772746191
|move|p2a: Camerupt|Stealth Rock|p1a: Dipplin
|-sidestart|p1: liljuicewrldvert|move: Stealth Rock
|move|p1a: Dipplin|Dragon Pulse|p2a: Camerupt
|-damage|p2a: Camerupt|115/275
|
|-heal|p2a: Camerupt|132/275|[from] item: Leftovers
|-damage|p1a: Dipplin|214/284 psn|[from] psn
|upkeep
|turn|5
|
|t:|1772746209
|switch|p2a: Clodsire|Clodsire, L81, F|125/343
|move|p1a: Dipplin|Dragon Tail|p2a: Clodsire
|-damage|p2a: Clodsire|49/343
|drag|p2a: Abomasnow|Abomasnow, L84, M|287/287
|-weather|Snowscape|[from] ability: Snow Warning|[of] p2a: Abomasnow
|
|-weather|Snowscape|[upkeep]
|-damage|p1a: Dipplin|179/284 psn|[from] psn
|upkeep
|turn|6
|
|t:|1772746216
|switch|p1a: Bronzong|Bronzong, L88|261/261
|-damage|p1a: Bronzong|245/261|[from] Stealth Rock
|move|p2a: Abomasnow|Aurora Veil|p2a: Abomasnow
|-sidestart|p2: podominus|move: Aurora Veil
|
|-weather|Snowscape|[upkeep]
|-heal|p1a: Bronzong|261/261|[from] item: Leftovers
|upkeep
|turn|7
|
|t:|1772746224
|switch|p2a: Camerupt|Camerupt, L91, M|132/275
|move|p1a: Bronzong|Stealth Rock|p2a: Camerupt
|-sidestart|p2: podominus|move: Stealth Rock
|
|-weather|Snowscape|[upkeep]
|-heal|p2a: Camerupt|149/275|[from] item: Leftovers
|upkeep
|turn|8
|
|t:|1772746232
|switch|p1a: Dewgong|Dewgong, L94, M|322/322
|-status|p1a: Dewgong|psn
|-damage|p1a: Dewgong|242/322 psn|[from] Stealth Rock
|move|p2a: Camerupt|Overheat|p1a: Dewgong
|-damage|p1a: Dewgong|193/322 psn
|-unboost|p2a: Camerupt|spa|2
|
|-weather|Snowscape|[upkeep]
|-heal|p2a: Camerupt|166/275|[from] item: Leftovers
|-damage|p1a: Dewgong|153/322 psn|[from] psn
|upkeep
|turn|9
|
|t:|1772746247
|move|p1a: Dewgong|Knock Off|p2a: Camerupt
|-damage|p2a: Camerupt|131/275
|-enditem|p2a: Camerupt|Leftovers|[from] move: Knock Off|[of] p1a: Dewgong
|move|p2a: Camerupt|Earthquake|p1a: Dewgong
|-damage|p1a: Dewgong|65/322 psn
|
|-weather|none
|-damage|p1a: Dewgong|25/322 psn|[from] psn
|upkeep
|turn|10
|
|t:|1772746255
|move|p1a: Dewgong|Surf|p2a: Camerupt
|-supereffective|p2a: Camerupt
|-damage|p2a: Camerupt|0 fnt
|faint|p2a: Camerupt
|
|-damage|p1a: Dewgong|0 fnt|[from] psn
|faint|p1a: Dewgong
|upkeep
|
|t:|1772746260
|switch|p1a: Bronzong|Bronzong, L88|261/261
|switch|p2a: Clodsire|Clodsire, L81, F|49/343
|-damage|p1a: Bronzong|245/261|[from] Stealth Rock
|-damage|p2a: Clodsire|28/343|[from] Stealth Rock
|turn|11
|
|t:|1772746267
|move|p1a: Bronzong|Psychic Noise|p2a: Clodsire
|-supereffective|p2a: Clodsire
|-damage|p2a: Clodsire|0 fnt
|faint|p2a: Clodsire
|
|-heal|p1a: Bronzong|261/261|[from] item: Leftovers
|upkeep
|
|t:|1772746282
|switch|p2a: Chesnaught|Chesnaught, L84, F|285/285
|-damage|p2a: Chesnaught|268/285|[from] Stealth Rock
|turn|12
|
|t:|1772746287
|move|p2a: Chesnaught|Knock Off|p1a: Bronzong
|-supereffective|p1a: Bronzong
|-damage|p1a: Bronzong|141/261
|-enditem|p1a: Bronzong|Leftovers|[from] move: Knock Off|[of] p2a: Chesnaught
|move|p1a: Bronzong|Psychic Noise|p2a: Chesnaught
|-supereffective|p2a: Chesnaught
|-damage|p2a: Chesnaught|186/285
|-start|p2a: Chesnaught|move: Heal Block
|
|upkeep
|turn|13
|
|t:|1772746303
|switch|p1a: Pawmot|Pawmot, L80, M|195/243
|-status|p1a: Pawmot|psn
|-damage|p1a: Pawmot|180/243 psn|[from] Stealth Rock
|move|p2a: Chesnaught|Knock Off|p1a: Pawmot
|-resisted|p1a: Pawmot
|-damage|p1a: Pawmot|132/243 psn
|-enditem|p1a: Pawmot|Life Orb|[from] move: Knock Off|[of] p2a: Chesnaught
|
|-damage|p1a: Pawmot|102/243 psn|[from] psn
|-end|p2a: Chesnaught|move: Heal Block
|-sideend|p2: podominus|move: Aurora Veil
|upkeep
|turn|14
|
|t:|1772746310
|move|p1a: Pawmot|Ice Punch|p2a: Chesnaught
|-supereffective|p2a: Chesnaught
|-damage|p2a: Chesnaught|84/285
|-status|p2a: Chesnaught|frz
|cant|p2a: Chesnaught|frz
|
|-heal|p2a: Chesnaught|101/285 frz|[from] item: Leftovers
|-damage|p1a: Pawmot|72/243 psn|[from] psn
|upkeep
|turn|15
|
|t:|1772746314
|move|p1a: Pawmot|Ice Punch|p2a: Chesnaught
|-supereffective|p2a: Chesnaught
|-damage|p2a: Chesnaught|0 fnt
|faint|p2a: Chesnaught
|
|-damage|p1a: Pawmot|42/243 psn|[from] psn
|upkeep
|
|t:|1772746321
|switch|p2a: Abomasnow|Abomasnow, L84, M|287/287
|-damage|p2a: Abomasnow|216/287|[from] Stealth Rock
|-weather|Snowscape|[from] ability: Snow Warning|[of] p2a: Abomasnow
|turn|16
|
|t:|1772746329
|move|p1a: Pawmot|Revival Blessing|p1a: Pawmot
|
|t:|1772746331
|-heal|p1: Dewgong|161/322|[from] move: Revival Blessing
|move|p2a: Abomasnow|Aurora Veil|p2a: Abomasnow
|-sidestart|p2: podominus|move: Aurora Veil
|
|-weather|Snowscape|[upkeep]
|-damage|p1a: Pawmot|12/243 psn|[from] psn
|upkeep
|turn|17
|
|t:|1772746334
|move|p2a: Abomasnow|Ice Shard|p1a: Pawmot
|-damage|p1a: Pawmot|0 fnt
|faint|p1a: Pawmot
|
|-weather|Snowscape|[upkeep]
|upkeep
|
|t:|1772746347
|switch|p1a: Bronzong|Bronzong, L88|141/261
|-damage|p1a: Bronzong|125/261|[from] Stealth Rock
|turn|18
|
|t:|1772746354
|move|p2a: Abomasnow|Blizzard|p1a: Bronzong
|-resisted|p1a: Bronzong
|-damage|p1a: Bronzong|80/261
|-status|p1a: Bronzong|frz
|cant|p1a: Bronzong|frz
|
|-weather|Snowscape|[upkeep]
|upkeep
|turn|19
|
|t:|1772746359
|switch|p2a: Regirock|Regirock, L83|268/268
|-damage|p2a: Regirock|235/268|[from] Stealth Rock
|cant|p1a: Bronzong|frz
|
|-weather|Snowscape|[upkeep]
|-heal|p2a: Regirock|251/268|[from] item: Leftovers
|upkeep
|turn|20
|
|t:|1772746363
|move|p2a: Regirock|Iron Defense|p2a: Regirock
|-boost|p2a: Regirock|def|2
|cant|p1a: Bronzong|frz
|
|-weather|none
|-heal|p2a: Regirock|267/268|[from] item: Leftovers
|upkeep
|turn|21
|
|t:|1772746370
|switch|p1a: Dewgong|Dewgong, L94, M|161/322
|-status|p1a: Dewgong|psn
|-damage|p1a: Dewgong|81/322 psn|[from] Stealth Rock
|move|p2a: Regirock|Body Press|p1a: Dewgong
|-supereffective|p1a: Dewgong
|-damage|p1a: Dewgong|0 fnt
|faint|p1a: Dewgong
|
|-heal|p2a: Regirock|268/268|[from] item: Leftovers
|upkeep
|
|t:|1772746377
|switch|p1a: Dipplin|Dipplin, L88, M|179/284 psn
|-damage|p1a: Dipplin|144/284 psn|[from] Stealth Rock
|turn|22
|
|t:|1772746382
|move|p2a: Regirock|Body Press|p1a: Dipplin
|-damage|p1a: Dipplin|29/284 psn
|move|p1a: Dipplin|Dragon Tail|p2a: Regirock
|-crit|p2a: Regirock
|-damage|p2a: Regirock|217/268
|drag|p2a: Abomasnow|Abomasnow, L84, M|216/287
|-damage|p2a: Abomasnow|145/287|[from] Stealth Rock
|-weather|Snowscape|[from] ability: Snow Warning|[of] p2a: Abomasnow
|
|-weather|Snowscape|[upkeep]
|-damage|p1a: Dipplin|0 fnt|[from] psn
|faint|p1a: Dipplin
|upkeep
|
|t:|1772746402
|switch|p1a: Gardevoir|Gardevoir, L83, M|249/249
|-status|p1a: Gardevoir|psn
|-damage|p1a: Gardevoir|218/249 psn|[from] Stealth Rock
|-ability|p1a: Gardevoir|Snow Warning|Trace|[from] ability: Trace|[of] p2a: Abomasnow
|turn|23
|
|t:|1772746413
|move|p1a: Gardevoir|Mystical Fire|p2a: Abomasnow
|-supereffective|p2a: Abomasnow
|-damage|p2a: Abomasnow|7/287
|-unboost|p2a: Abomasnow|spa|1
|move|p2a: Abomasnow|Blizzard|p1a: Gardevoir
|-damage|p1a: Gardevoir|160/249 psn
|
|-weather|Snowscape|[upkeep]
|-damage|p1a: Gardevoir|129/249 psn|[from] psn
|-sideend|p2: podominus|move: Aurora Veil
|upkeep
|turn|24
|
|t:|1772746419
|move|p1a: Gardevoir|Mystical Fire|p2a: Abomasnow
|-supereffective|p2a: Abomasnow
|-damage|p2a: Abomasnow|0 fnt
|faint|p2a: Abomasnow
|
|-weather|Snowscape|[upkeep]
|-damage|p1a: Gardevoir|98/249 psn|[from] psn
|upkeep
|
|t:|1772746425
|switch|p2a: Regirock|Regirock, L83|217/268
|-damage|p2a: Regirock|184/268|[from] Stealth Rock
|turn|25
|
|t:|1772746434
|switch|p1a: Salazzle|Salazzle, L83, F|249/249
|-sideend|p1: liljuicewrldvert|move: Toxic Spikes|[of] p1a: Salazzle
|-damage|p1a: Salazzle|187/249|[from] Stealth Rock
|move|p2a: Regirock|Body Press|p1a: Salazzle
|-resisted|p1a: Salazzle
|-crit|p1a: Salazzle
|-damage|p1a: Salazzle|83/249
|
|-weather|Snowscape|[upkeep]
|-heal|p1a: Salazzle|98/249|[from] item: Leftovers
|-heal|p2a: Regirock|200/268|[from] item: Leftovers
|upkeep
|turn|26
|
|t:|1772746449
|move|p1a: Salazzle|Protect|p1a: Salazzle
|-singleturn|p1a: Salazzle|Protect
|move|p2a: Regirock|Stone Edge|p1a: Salazzle
|-activate|p1a: Salazzle|move: Protect
|
|-weather|none
|-heal|p1a: Salazzle|113/249|[from] item: Leftovers
|-heal|p2a: Regirock|216/268|[from] item: Leftovers
|upkeep
|turn|27
|
|t:|1772746458
|move|p1a: Salazzle|Toxic|p2a: Regirock
|-status|p2a: Regirock|tox
|move|p2a: Regirock|Stone Edge|p1a: Salazzle
|-supereffective|p1a: Salazzle
|-crit|p1a: Salazzle
|-damage|p1a: Salazzle|0 fnt
|faint|p1a: Salazzle
|
|-heal|p2a: Regirock|232/268 tox|[from] item: Leftovers
|-damage|p2a: Regirock|216/268 tox|[from] psn
|upkeep
|
|t:|1772746471
|switch|p1a: Gardevoir|Gardevoir, L83, M|98/249 psn
|-damage|p1a: Gardevoir|67/249 psn|[from] Stealth Rock
|-ability|p1a: Gardevoir|Clear Body|Trace|[from] ability: Trace|[of] p2a: Regirock
|turn|28
|
|t:|1772746483
|move|p1a: Gardevoir|Healing Wish|p1a: Gardevoir
|faint|p1a: Gardevoir
|move|p2a: Regirock|Body Press|p1: Gardevoir|[notarget]
|-fail|p2a: Regirock
|
|-heal|p2a: Regirock|232/268 tox|[from] item: Leftovers
|-damage|p2a: Regirock|200/268 tox|[from] psn
|upkeep
|
|t:|1772746491
|switch|p1a: Bronzong|Bronzong, L88|80/261 frz
|-heal|p1a: Bronzong|261/261|[from] move: Healing Wish
|-damage|p1a: Bronzong|245/261|[from] Stealth Rock
|turn|29
|
|t:|1772746509
|move|p2a: Regirock|Thunder Wave|p1a: Bronzong
|-status|p1a: Bronzong|par
|move|p1a: Bronzong|Psychic Noise|p2a: Regirock
|-crit|p2a: Regirock
|-damage|p2a: Regirock|98/268 tox
|-start|p2a: Regirock|move: Heal Block
|
|-damage|p2a: Regirock|50/268 tox|[from] psn
|upkeep
|turn|30
|
|t:|1772746519
|move|p2a: Regirock|Body Press|p1a: Bronzong
|-damage|p1a: Bronzong|160/261 par
|move|p1a: Bronzong|Earthquake|p2a: Regirock
|-supereffective|p2a: Regirock
|-damage|p2a: Regirock|0 fnt
|faint|p2a: Regirock
|
|upkeep
|
|t:|1772746523
|switch|p2a: Espeon|Espeon, L84, M|246/246
|-damage|p2a: Espeon|216/246|[from] Stealth Rock
|turn|31
|
|t:|1772746531
|-terastallize|p1a: Bronzong|Water
|move|p2a: Espeon|Calm Mind|p2a: Espeon
|-boost|p2a: Espeon|spa|1
|-boost|p2a: Espeon|spd|1
|cant|p1a: Bronzong|par
|
|upkeep
|turn|32
|
|t:|1772746538
|move|p2a: Espeon|Psychic|p1a: Bronzong
|-damage|p1a: Bronzong|0 fnt
|faint|p1a: Bronzong
|-damage|p2a: Espeon|192/246|[from] item: Life Orb
|
|win|podominus
|raw|liljuicewrldvert's rating: 1469 &rarr; <strong>1448</strong><br />(-21 for losing)
|raw|podominus's rating: 1457 &rarr; <strong>1478</strong><br />(+21 for winning)
|c|☆liljuicewrldvert|gg
