|j|☆s_kxrr
|j|☆DS818
|t:|1776979530
|gametype|singles
|player|p1|s_kxrr|n|1144
|player|p2|DS818|265|1187
|gen|9
|tier|[Gen 9] Random Battle
|rated|
|rule|Species Clause: Limit one of each Pokémon
|rule|HP Percentage Mod: HP is shown in percentages
|rule|Sleep Clause Mod: Limit one foe put to sleep
|rule|Illusion Level Mod: Illusion disguises the Pokémon's true level
|
|t:|1776979530
|teamsize|p1|6
|teamsize|p2|6
|start
|switch|p1a: Sableye|Sableye, L88, M|231/231
|switch|p2a: Garchomp|Garchomp, L74, M|282/282
|turn|1
|
|t:|1776979546
|move|p1a: Sableye|Encore||[still]
|-fail|p1a: Sableye
|move|p2a: Garchomp|Earthquake|p1a: Sableye
|-damage|p1a: Sableye|125/231
|
|-heal|p1a: Sableye|139/231|[from] item: Leftovers
|upkeep
|turn|2
|
|t:|1776979560
|move|p1a: Sableye|Encore|p2a: Garchomp
|-start|p2a: Garchomp|Encore
|move|p2a: Garchomp|Earthquake|p1a: Sableye
|-damage|p1a: Sableye|22/231
|
|-heal|p1a: Sableye|36/231|[from] item: Leftovers
|upkeep
|turn|3
|
|t:|1776979592
|switch|p1a: Tornadus|Tornadus, L82, M|263/263
|move|p2a: Garchomp|Earthquake|p1a: Tornadus
|-immune|p1a: Tornadus
|
|upkeep
|turn|4
|
|t:|1776979605
|switch|p2a: Bellibolt|Bellibolt, L84, M|320/320
|move|p1a: Tornadus|Focus Blast|p2a: Bellibolt|[miss]
|-miss|p1a: Tornadus|p2a: Bellibolt
|
|upkeep
|turn|5
|
|t:|1776979621
|switch|p1a: Vileplume|Vileplume, L85, F|266/266
|move|p2a: Bellibolt|Thunderbolt|p1a: Vileplume
|-resisted|p1a: Vileplume
|-damage|p1a: Vileplume|214/266
|
|-heal|p1a: Vileplume|230/266|[from] item: Leftovers
|upkeep
|turn|6
|
|t:|1776979635
|switch|p2a: Entei|Entei, L78|307/307
|move|p1a: Vileplume|Leech Seed|p2a: Entei
|-start|p2a: Entei|move: Leech Seed
|
|-heal|p1a: Vileplume|246/266|[from] item: Leftovers
|-damage|p2a: Entei|269/307|[from] Leech Seed|[of] p1a: Vileplume
|-heal|p1a: Vileplume|266/266|[silent]
|upkeep
|turn|7
|
|t:|1776979649
|switch|p1a: Golem|Golem, L87, F|281/281
|move|p2a: Entei|Sacred Fire|p1a: Golem
|-resisted|p1a: Golem
|-damage|p1a: Golem|223/281
|-status|p1a: Golem|brn
|
|-damage|p2a: Entei|231/307|[from] Leech Seed|[of] p1a: Golem
|-heal|p1a: Golem|261/281 brn|[silent]
|-damage|p1a: Golem|244/281 brn|[from] brn
|upkeep
|turn|8
|
|t:|1776979654
|switch|p2a: Garchomp|Garchomp, L74, M|282/282
|move|p1a: Golem|Stealth Rock|p2a: Garchomp
|-sidestart|p2: DS818|move: Stealth Rock
|
|-damage|p1a: Golem|227/281 brn|[from] brn
|upkeep
|turn|9
|
|t:|1776979669
|switch|p1a: Tornadus|Tornadus, L82, M|263/263
|move|p2a: Garchomp|Earthquake|p1a: Tornadus
|-immune|p1a: Tornadus
|
|upkeep
|turn|10
|
|t:|1776979674
|move|p1a: Tornadus|U-turn|p2a: Garchomp
|-damage|p2a: Garchomp|228/282
|-damage|p1a: Tornadus|231/263|[from] ability: Rough Skin|[of] p2a: Garchomp
|-damage|p1a: Tornadus|188/263|[from] item: Rocky Helmet|[of] p2a: Garchomp
|
|t:|1776979676
|switch|p1a: Vileplume|Vileplume, L85, F|266/266|[from] U-turn
|move|p2a: Garchomp|Dragon Tail|p1a: Vileplume
|-damage|p1a: Vileplume|205/266
|drag|p1a: Sableye|Sableye, L88, M|36/231
|
|-heal|p1a: Sableye|50/231|[from] item: Leftovers
|upkeep
|turn|11
|
|t:|1776979688
|move|p1a: Sableye|Recover|p1a: Sableye
|-heal|p1a: Sableye|166/231
|move|p2a: Garchomp|Dragon Tail|p1a: Sableye
|-damage|p1a: Sableye|99/231
|drag|p1a: Golem|Golem, L87, F|227/281 brn
|
|-damage|p1a: Golem|210/281 brn|[from] brn
|upkeep
|turn|12
|
|t:|1776979727
|switch|p1a: Lunala|Lunala, L70|308/308
|move|p2a: Garchomp|Earthquake|p1a: Lunala
|-damage|p1a: Lunala|248/308
|
|-heal|p1a: Lunala|267/308|[from] item: Leftovers
|upkeep
|turn|13
|
|t:|1776979742
|move|p1a: Lunala|Calm Mind|p1a: Lunala
|-boost|p1a: Lunala|spa|1
|-boost|p1a: Lunala|spd|1
|move|p2a: Garchomp|Dragon Tail|p1a: Lunala
|-damage|p1a: Lunala|195/308
|drag|p1a: Tornadus|Tornadus, L82, M|188/263
|
|upkeep
|turn|14
|
|t:|1776979750
|move|p1a: Tornadus|Focus Blast|p2a: Garchomp|[miss]
|-miss|p1a: Tornadus|p2a: Garchomp
|move|p2a: Garchomp|Outrage|p1a: Tornadus
|-damage|p1a: Tornadus|49/263
|
|upkeep
|turn|15
|
|t:|1776979755
|move|p1a: Tornadus|Focus Blast|p2a: Garchomp|[miss]
|-miss|p1a: Tornadus|p2a: Garchomp
|move|p2a: Garchomp|Outrage|p1a: Tornadus|[from] lockedmove
|-damage|p1a: Tornadus|0 fnt
|faint|p1a: Tornadus
|-start|p2a: Garchomp|confusion|[fatigue]
|
|upkeep
|
|t:|1776979762
|switch|p1a: Vileplume|Vileplume, L85, F|205/266
|turn|16
|c|☆s_kxrr|Bro
|c|☆s_kxrr|3 misses
|
|t:|1776979770
|-activate|p2a: Garchomp|confusion
|-damage|p2a: Garchomp|198/282|[from] confusion
|move|p1a: Vileplume|Leech Seed|p2a: Garchomp
|-start|p2a: Garchomp|move: Leech Seed
|
|-heal|p1a: Vileplume|221/266|[from] item: Leftovers
|-damage|p2a: Garchomp|163/282|[from] Leech Seed|[of] p1a: Vileplume
|-heal|p1a: Vileplume|256/266|[silent]
|upkeep
|turn|17
|
|t:|1776979781
|switch|p2a: Entei|Entei, L78|231/307
|-damage|p2a: Entei|155/307|[from] Stealth Rock
|move|p1a: Vileplume|Giga Drain|p2a: Entei
|-resisted|p2a: Entei
|-damage|p2a: Entei|98/307
|-heal|p1a: Vileplume|266/266|[from] drain|[of] p2a: Entei
|
|upkeep
|turn|18
|
|t:|1776979793
|switch|p1a: Golem|Golem, L87, F|210/281 brn
|move|p2a: Entei|Sacred Fire|p1a: Golem
|-resisted|p1a: Golem
|-damage|p1a: Golem|154/281 brn
|
|-damage|p1a: Golem|137/281 brn|[from] brn
|upkeep
|turn|19
|inactive|Battle timer is ON: inactive players will automatically lose when time's up. (requested by s_kxrr)
|
|t:|1776979826
|switch|p2a: Garchomp|Garchomp, L74, M|163/282
|-damage|p2a: Garchomp|146/282|[from] Stealth Rock
|move|p1a: Golem|Earthquake|p2a: Garchomp
|-damage|p2a: Garchomp|75/282
|
|-damage|p1a: Golem|120/281 brn|[from] brn
|upkeep
|turn|20
|
|t:|1776979855
|switch|p1a: Lunala|Lunala, L70|195/308
|move|p2a: Garchomp|Earthquake|p1a: Lunala
|-damage|p1a: Lunala|75/308
|
|-heal|p1a: Lunala|94/308|[from] item: Leftovers
|upkeep
|turn|21
|
|t:|1776979862
|move|p2a: Garchomp|Earthquake|p1a: Lunala
|-damage|p1a: Lunala|0 fnt
|faint|p1a: Lunala
|
|upkeep
|
|t:|1776979867
|switch|p1a: Sableye|Sableye, L88, M|99/231
|turn|22
|
|t:|1776979875
|move|p2a: Garchomp|Earthquake|p1a: Sableye
|-crit|p1a: Sableye
|-damage|p1a: Sableye|0 fnt
|faint|p1a: Sableye
|
|upkeep
|
|t:|1776979880
|switch|p1a: Vileplume|Vileplume, L85, F|266/266
|turn|23
|
|t:|1776979891
|move|p2a: Garchomp|Outrage|p1a: Vileplume
|-damage|p1a: Vileplume|146/266
|move|p1a: Vileplume|Giga Drain|p2a: Garchomp
|-damage|p2a: Garchomp|0 fnt
|-heal|p1a: Vileplume|184/266|[from] drain|[of] p2a: Garchomp
|faint|p2a: Garchomp
|
|-heal|p1a: Vileplume|200/266|[from] item: Leftovers
|upkeep
|
|t:|1776979897
|switch|p2a: Abomasnow|Abomasnow, L84, F|287/287
|-damage|p2a: Abomasnow|216/287|[from] Stealth Rock
|-weather|Snowscape|[from] ability: Snow Warning|[of] p2a: Abomasnow
|turn|24
|
|t:|1776979912
|switch|p1a: Lucario|Lucario, L84, M|255/255
|-terastallize|p2a: Abomasnow|Water
|move|p2a: Abomasnow|Blizzard|p1a: Lucario
|-resisted|p1a: Lucario
|-damage|p1a: Lucario|192/255
|
|-weather|Snowscape|[upkeep]
|upkeep
|turn|25
|
|t:|1776979931
|move|p1a: Lucario|Swords Dance|p1a: Lucario
|-boost|p1a: Lucario|atk|2
|move|p2a: Abomasnow|Blizzard|p1a: Lucario
|-resisted|p1a: Lucario
|-damage|p1a: Lucario|129/255
|
|-weather|Snowscape|[upkeep]
|upkeep
|turn|26
|
|t:|1776979937
|move|p1a: Lucario|Swords Dance|p1a: Lucario
|-boost|p1a: Lucario|atk|2
|move|p2a: Abomasnow|Blizzard|p1a: Lucario
|-resisted|p1a: Lucario
|-damage|p1a: Lucario|66/255
|
|-weather|Snowscape|[upkeep]
|upkeep
|turn|27
|
|t:|1776979941
|move|p1a: Lucario|Close Combat|p2a: Abomasnow
|-damage|p2a: Abomasnow|0 fnt
|-unboost|p1a: Lucario|def|1
|-unboost|p1a: Lucario|spd|1
|faint|p2a: Abomasnow
|-damage|p1a: Lucario|41/255|[from] item: Life Orb
|
|-weather|Snowscape|[upkeep]
|upkeep
|
|t:|1776979957
|switch|p2a: Entei|Entei, L78|98/307
|-damage|p2a: Entei|22/307|[from] Stealth Rock
|turn|28
|
|t:|1776979963
|move|p1a: Lucario|Extreme Speed|p2a: Entei
|-damage|p2a: Entei|0 fnt
|faint|p2a: Entei
|-damage|p1a: Lucario|16/255|[from] item: Life Orb
|
|-weather|none
|upkeep
|
|t:|1776979967
|switch|p2a: Bisharp|Bisharp, L79, F|232/232
|-damage|p2a: Bisharp|218/232|[from] Stealth Rock
|turn|29
|
|t:|1776979971
|move|p2a: Bisharp|Sucker Punch|p1a: Lucario
|-resisted|p1a: Lucario
|-damage|p1a: Lucario|0 fnt
|faint|p1a: Lucario
|
|upkeep
|
|t:|1776979983
|switch|p1a: Golem|Golem, L87, F|120/281 brn
|turn|30
|
|t:|1776979987
|move|p2a: Bisharp|Iron Head|p1a: Golem
|-supereffective|p1a: Golem
|-damage|p1a: Golem|0 fnt
|faint|p1a: Golem
|
|upkeep
|
|t:|1776979989
|switch|p1a: Vileplume|Vileplume, L85, F|200/266
|turn|31
|
|t:|1776980011
|move|p2a: Bisharp|Iron Head|p1a: Vileplume
|-damage|p1a: Vileplume|109/266
|-status|p2a: Bisharp|par|[from] ability: Effect Spore|[of] p1a: Vileplume
|cant|p1a: Vileplume|flinch
|
|-heal|p1a: Vileplume|125/266|[from] item: Leftovers
|upkeep
|turn|32
|
|t:|1776980027
|move|p1a: Vileplume|Leech Seed|p2a: Bisharp
|-start|p2a: Bisharp|move: Leech Seed
|move|p2a: Bisharp|Iron Head|p1a: Vileplume
|-damage|p1a: Vileplume|28/266
|
|-heal|p1a: Vileplume|44/266|[from] item: Leftovers
|-damage|p2a: Bisharp|189/232 par|[from] Leech Seed|[of] p1a: Vileplume
|-heal|p1a: Vileplume|73/266|[silent]
|upkeep
|turn|33
|
|t:|1776980033
|move|p1a: Vileplume|Strength Sap|p2a: Bisharp
|-unboost|p2a: Bisharp|atk|1
|-ability|p2a: Bisharp|Defiant|boost
|-boost|p2a: Bisharp|atk|2
|-heal|p1a: Vileplume|266/266
|move|p2a: Bisharp|Iron Head|p1a: Vileplume
|-damage|p1a: Vileplume|131/266
|
|-heal|p1a: Vileplume|147/266|[from] item: Leftovers
|-damage|p2a: Bisharp|160/232 par|[from] Leech Seed|[of] p1a: Vileplume
|-heal|p1a: Vileplume|176/266|[silent]
|upkeep
|turn|34
|
|t:|1776980046
|move|p1a: Vileplume|Strength Sap|p2a: Bisharp
|-unboost|p2a: Bisharp|atk|1
|-ability|p2a: Bisharp|Defiant|boost
|-boost|p2a: Bisharp|atk|2
|-heal|p1a: Vileplume|266/266
|move|p2a: Bisharp|Throat Chop|p1a: Vileplume
|-damage|p1a: Vileplume|70/266
|-start|p1a: Vileplume|Throat Chop|[silent]
|
|-heal|p1a: Vileplume|86/266|[from] item: Leftovers
|-damage|p2a: Bisharp|131/232 par|[from] Leech Seed|[of] p1a: Vileplume
|-heal|p1a: Vileplume|115/266|[silent]
|upkeep
|turn|35
|
|t:|1776980062
|switch|p2a: Bellibolt|Bellibolt, L84, M|320/320
|-damage|p2a: Bellibolt|280/320|[from] Stealth Rock
|move|p1a: Vileplume|Strength Sap|p2a: Bellibolt
|-unboost|p2a: Bellibolt|atk|1
|-heal|p1a: Vileplume|227/266
|
|-heal|p1a: Vileplume|243/266|[from] item: Leftovers
|-heal|p2a: Bellibolt|300/320|[from] item: Leftovers
|-end|p1a: Vileplume|Throat Chop|[silent]
|upkeep
|turn|36
|
|t:|1776980072
|move|p1a: Vileplume|Sludge Bomb|p2a: Bellibolt
|-damage|p2a: Bellibolt|188/320
|-start|p2a: Bellibolt|Charge|Sludge Bomb|[from] ability: Electromorphosis
|move|p2a: Bellibolt|Volt Switch|p1a: Vileplume
|-resisted|p1a: Vileplume
|-damage|p1a: Vileplume|173/266
|-end|p2a: Bellibolt|Charge|[silent]
|
|t:|1776980075
|switch|p2a: Bisharp|Bisharp, L79, F|131/232 par|[from] Volt Switch
|-damage|p2a: Bisharp|117/232 par|[from] Stealth Rock
|
|-heal|p1a: Vileplume|189/266|[from] item: Leftovers
|upkeep
|turn|37
|
|t:|1776980089
|move|p1a: Vileplume|Leech Seed|p2a: Bisharp
|-start|p2a: Bisharp|move: Leech Seed
|move|p2a: Bisharp|Throat Chop|p1a: Vileplume
|-damage|p1a: Vileplume|98/266
|-start|p1a: Vileplume|Throat Chop|[silent]
|
|-heal|p1a: Vileplume|114/266|[from] item: Leftovers
|-damage|p2a: Bisharp|88/232 par|[from] Leech Seed|[of] p1a: Vileplume
|-heal|p1a: Vileplume|143/266|[silent]
|upkeep
|turn|38
|
|t:|1776980094
|move|p1a: Vileplume|Strength Sap|p2a: Bisharp
|-unboost|p2a: Bisharp|atk|1
|-ability|p2a: Bisharp|Defiant|boost
|-boost|p2a: Bisharp|atk|2
|-heal|p1a: Vileplume|266/266
|move|p2a: Bisharp|Throat Chop|p1a: Vileplume
|-damage|p1a: Vileplume|139/266
|
|-heal|p1a: Vileplume|155/266|[from] item: Leftovers
|-damage|p2a: Bisharp|59/232 par|[from] Leech Seed|[of] p1a: Vileplume
|-heal|p1a: Vileplume|184/266|[silent]
|-end|p1a: Vileplume|Throat Chop|[silent]
|upkeep
|turn|39
|
|t:|1776980104
|move|p1a: Vileplume|Giga Drain|p2a: Bisharp
|-resisted|p2a: Bisharp
|-damage|p2a: Bisharp|23/232 par
|-heal|p1a: Vileplume|202/266|[from] drain|[of] p2a: Bisharp
|move|p2a: Bisharp|Throat Chop|p1a: Vileplume
|-damage|p1a: Vileplume|69/266
|-start|p1a: Vileplume|Throat Chop|[silent]
|
|-heal|p1a: Vileplume|85/266|[from] item: Leftovers
|-damage|p2a: Bisharp|0 fnt|[from] Leech Seed|[of] p1a: Vileplume
|-heal|p1a: Vileplume|108/266|[silent]
|faint|p2a: Bisharp
|upkeep
|
|t:|1776980111
|switch|p2a: Bellibolt|Bellibolt, L84, M|188/320
|-damage|p2a: Bellibolt|148/320|[from] Stealth Rock
|turn|40
|
|t:|1776980117
|move|p1a: Vileplume|Strength Sap|p2a: Bellibolt
|-unboost|p2a: Bellibolt|atk|1
|-heal|p1a: Vileplume|220/266
|move|p2a: Bellibolt|Thunderbolt|p1a: Vileplume
|-resisted|p1a: Vileplume
|-damage|p1a: Vileplume|172/266
|-status|p1a: Vileplume|par
|
|-heal|p2a: Bellibolt|168/320|[from] item: Leftovers
|-heal|p1a: Vileplume|188/266 par|[from] item: Leftovers
|-end|p1a: Vileplume|Throat Chop|[silent]
|upkeep
|turn|41
|
|t:|1776980125
|move|p2a: Bellibolt|Slack Off|p2a: Bellibolt
|-heal|p2a: Bellibolt|320/320
|move|p1a: Vileplume|Sludge Bomb|p2a: Bellibolt
|-damage|p2a: Bellibolt|206/320
|-status|p2a: Bellibolt|psn
|-start|p2a: Bellibolt|Charge|Sludge Bomb|[from] ability: Electromorphosis
|
|-heal|p2a: Bellibolt|226/320 psn|[from] item: Leftovers
|-heal|p1a: Vileplume|204/266 par|[from] item: Leftovers
|-damage|p2a: Bellibolt|186/320 psn|[from] psn
|upkeep
|turn|42
|
|t:|1776980138
|move|p2a: Bellibolt|Thunderbolt|p1a: Vileplume
|-resisted|p1a: Vileplume
|-damage|p1a: Vileplume|116/266 par
|-end|p2a: Bellibolt|Charge|[silent]
|move|p1a: Vileplume|Leech Seed|p2a: Bellibolt
|-start|p2a: Bellibolt|move: Leech Seed
|
|-heal|p2a: Bellibolt|206/320 psn|[from] item: Leftovers
|-heal|p1a: Vileplume|132/266 par|[from] item: Leftovers
|-damage|p2a: Bellibolt|166/320 psn|[from] Leech Seed|[of] p1a: Vileplume
|-heal|p1a: Vileplume|172/266 par|[silent]
|-damage|p2a: Bellibolt|126/320 psn|[from] psn
|upkeep
|turn|43
|
|t:|1776980141
|move|p2a: Bellibolt|Thunderbolt|p1a: Vileplume
|-resisted|p1a: Vileplume
|-damage|p1a: Vileplume|126/266 par
|move|p1a: Vileplume|Strength Sap|p2a: Bellibolt
|-unboost|p2a: Bellibolt|atk|1
|-heal|p1a: Vileplume|200/266 par
|
|-heal|p2a: Bellibolt|146/320 psn|[from] item: Leftovers
|-heal|p1a: Vileplume|216/266 par|[from] item: Leftovers
|-damage|p2a: Bellibolt|106/320 psn|[from] Leech Seed|[of] p1a: Vileplume
|-heal|p1a: Vileplume|256/266 par|[silent]
|-damage|p2a: Bellibolt|66/320 psn|[from] psn
|upkeep
|turn|44
|
|t:|1776980147
|move|p2a: Bellibolt|Thunderbolt|p1a: Vileplume
|-resisted|p1a: Vileplume
|-damage|p1a: Vileplume|209/266 par
|move|p1a: Vileplume|Giga Drain|p2a: Bellibolt
|-damage|p2a: Bellibolt|0 fnt
|-heal|p1a: Vileplume|242/266 par|[from] drain|[of] p2a: Bellibolt
|faint|p2a: Bellibolt
|
|-heal|p1a: Vileplume|258/266 par|[from] item: Leftovers
|upkeep
|
|t:|1776980150
|switch|p2a: Tsareena|Tsareena, L87, F|267/267
|turn|45
|
|t:|1776980162
|move|p2a: Tsareena|Rapid Spin|p1a: Vileplume
|-damage|p1a: Vileplume|212/266 par
|-boost|p2a: Tsareena|spe|1
|-sideend|p2: DS818|Stealth Rock|[from] move: Rapid Spin|[of] p2a: Tsareena
|cant|p1a: Vileplume|par
|
|-heal|p1a: Vileplume|228/266 par|[from] item: Leftovers
|upkeep
|turn|46
|
|t:|1776980169
|move|p2a: Tsareena|Rapid Spin|p1a: Vileplume
|-damage|p1a: Vileplume|180/266 par
|-boost|p2a: Tsareena|spe|1
|move|p1a: Vileplume|Sludge Bomb|p2a: Tsareena
|-supereffective|p2a: Tsareena
|-damage|p2a: Tsareena|63/267
|
|-heal|p1a: Vileplume|196/266 par|[from] item: Leftovers
|upkeep
|turn|47
|
|t:|1776980176
|move|p2a: Tsareena|Synthesis|p2a: Tsareena
|-heal|p2a: Tsareena|196/267
|move|p1a: Vileplume|Sludge Bomb|p2a: Tsareena
|-supereffective|p2a: Tsareena
|-crit|p2a: Tsareena
|-damage|p2a: Tsareena|0 fnt
|faint|p2a: Tsareena
|
|win|s_kxrr
|raw|s_kxrr's rating: 1144 &rarr; <strong>1172</strong><br />(+28 for winning)
|raw|DS818's rating: 1187 &rarr; <strong>1159</strong><br />(-28 for losing)
|l|☆DS818
|player|p2|
|c|☆s_kxrr|WHAT A COMEBZCK
|c|☆s_kxrr|U SUCK
|c|☆s_kxrr|L
|c|☆s_kxrr|L
