|j|☆Ghxst124
|j|☆87tg7997
|t:|1776979223
|gametype|singles
|player|p1|Ghxst124|hugh|1175
|player|p2|87tg7997|102|1193
|gen|9
|tier|[Gen 9] Random Battle
|rated|
|rule|Species Clause: Limit one of each Pokémon
|rule|HP Percentage Mod: HP is shown in percentages
|rule|Sleep Clause Mod: Limit one foe put to sleep
|rule|Illusion Level Mod: Illusion disguises the Pokémon's true level
|
|t:|1776979223
|teamsize|p1|6
|teamsize|p2|6
|start
|switch|p1a: Chandelure|Chandelure, L83, F|235/235
|switch|p2a: Garchomp|Garchomp, L74, F|282/282
|turn|1
|
|t:|1776979251
|move|p1a: Chandelure|Trick|p2a: Garchomp
|-activate|p1a: Chandelure|move: Trick|[of] p2a: Garchomp
|-item|p2a: Garchomp|Choice Scarf|[from] move: Trick
|-item|p1a: Chandelure|Rocky Helmet|[from] move: Trick
|move|p2a: Garchomp|Earthquake|p1a: Chandelure
|-supereffective|p1a: Chandelure
|-damage|p1a: Chandelure|37/235
|
|upkeep
|turn|2
|inactive|Battle timer is ON: inactive players will automatically lose when time's up. (requested by Ghxst124)
|
|t:|1776979295
|move|p2a: Garchomp|Earthquake|p1a: Chandelure
|-supereffective|p1a: Chandelure
|-damage|p1a: Chandelure|0 fnt
|faint|p1a: Chandelure
|
|upkeep
|
|t:|1776979304
|switch|p1a: Swanna|Swanna, L89, F|278/278
|turn|3
|c|☆87tg7997|wrf
|c|☆87tg7997|wtf
|c|☆87tg7997|why didnt you switch to swanna immediatley
|inactive|87tg7997 has 120 seconds left.
|
|t:|1776979351
|switch|p2a: Avalugg|Avalugg, L88, F|310/310
|move|p1a: Swanna|Hydro Pump|p2a: Avalugg
|-damage|p2a: Avalugg|132/310
|
|upkeep
|turn|4
|
|t:|1776979359
|switch|p2a: Mismagius|Mismagius, L86, M|243/243
|move|p1a: Swanna|Hydro Pump|p2a: Mismagius
|-damage|p2a: Mismagius|143/243
|
|upkeep
|turn|5
|c|☆Ghxst124|eh I'm lazy
|
|t:|1776979371
|switch|p1a: Volbeat|Volbeat, L90, M|263/263
|move|p2a: Mismagius|Shadow Ball|p1a: Volbeat
|-damage|p1a: Volbeat|136/263
|
|upkeep
|turn|6
|inactive|87tg7997 has 120 seconds left.
|
|t:|1776979380
|switch|p2a: Garchomp|Garchomp, L74, F|282/282
|move|p1a: Volbeat|Thunder Wave|p2a: Garchomp
|-immune|p2a: Garchomp
|
|upkeep
|turn|7
|inactive|87tg7997 has 120 seconds left.
|
|t:|1776979395
|move|p1a: Volbeat|Roost|p1a: Volbeat
|-heal|p1a: Volbeat|263/263
|-singleturn|p1a: Volbeat|move: Roost
|move|p2a: Garchomp|Dragon Tail|p1a: Volbeat|[miss]
|-miss|p2a: Garchomp|p1a: Volbeat
|
|upkeep
|turn|8
|c|☆87tg7997|ah yes
|inactive|87tg7997 has 120 seconds left.
|c|☆87tg7997|bullshit hax here we fucking go again
|c|☆Ghxst124|what hax?
|inactive|87tg7997 has 90 seconds left.
|inactive|87tg7997 has 60 seconds left.
|
|t:|1776979479
|move|p1a: Volbeat|U-turn|p2a: Garchomp
|-damage|p2a: Garchomp|212/282
|-damage|p1a: Volbeat|231/263|[from] ability: Rough Skin|[of] p2a: Garchomp
|
|t:|1776979498
|switch|p1a: Clawitzer|Clawitzer, L87, M|265/265|[from] U-turn
|move|p2a: Garchomp|Dragon Tail|p1a: Clawitzer
|-damage|p1a: Clawitzer|201/265
|drag|p1a: Swanna|Swanna, L89, F|278/278
|
|upkeep
|turn|9
|inactive|87tg7997 has 60 seconds left.
|
|t:|1776979508
|switch|p2a: Mismagius|Mismagius, L86, M|143/243
|move|p1a: Swanna|Hydro Pump|p2a: Mismagius
|-damage|p2a: Mismagius|43/243
|
|upkeep
|turn|10
|
|t:|1776979514
|move|p2a: Mismagius|Shadow Ball|p1a: Swanna
|-damage|p1a: Swanna|94/278
|-unboost|p1a: Swanna|spd|1
|move|p1a: Swanna|Hydro Pump|p2a: Mismagius
|-crit|p2a: Mismagius
|-damage|p2a: Mismagius|0 fnt
|faint|p2a: Mismagius
|
|upkeep
|inactive|87tg7997 has 60 seconds left.
|
|t:|1776979533
|switch|p2a: Hatterene|Hatterene, L85, F|236/236
|turn|11
|inactive|87tg7997 has 60 seconds left.
|
|t:|1776979557
|move|p1a: Swanna|Brave Bird|p2a: Hatterene
|-damage|p2a: Hatterene|112/236
|-damage|p1a: Swanna|53/278|[from] Recoil
|move|p2a: Hatterene|Psychic|p1a: Swanna
|-damage|p1a: Swanna|0 fnt
|faint|p1a: Swanna
|
|-heal|p2a: Hatterene|126/236|[from] item: Leftovers
|upkeep
|
|t:|1776979566
|switch|p1a: Clawitzer|Clawitzer, L87, M|201/265
|turn|12
|inactive|87tg7997 has 60 seconds left.
|
|t:|1776979603
|move|p1a: Clawitzer|Dark Pulse|p2a: Hatterene
|-damage|p2a: Hatterene|33/236
|move|p2a: Hatterene|Draining Kiss|p1a: Clawitzer
|-damage|p1a: Clawitzer|152/265
|-heal|p2a: Hatterene|70/236|[from] drain|[of] p1a: Clawitzer
|
|-heal|p2a: Hatterene|84/236|[from] item: Leftovers
|upkeep
|turn|13
|
|t:|1776979612
|switch|p2a: Cobalion|Cobalion, L80|277/277
|move|p1a: Clawitzer|Dark Pulse|p2a: Cobalion
|-resisted|p2a: Cobalion
|-damage|p2a: Cobalion|208/277
|-ability|p2a: Cobalion|Justified|boost
|-boost|p2a: Cobalion|atk|1
|
|-heal|p2a: Cobalion|225/277|[from] item: Leftovers
|upkeep
|turn|14
|
|t:|1776979621
|move|p2a: Cobalion|Close Combat|p1a: Clawitzer
|-damage|p1a: Clawitzer|0 fnt
|-unboost|p2a: Cobalion|def|1
|-unboost|p2a: Cobalion|spd|1
|faint|p1a: Clawitzer
|
|-heal|p2a: Cobalion|242/277|[from] item: Leftovers
|upkeep
|
|t:|1776979632
|switch|p1a: Gurdurr|Gurdurr, L85, F|283/283
|turn|15
|inactive|87tg7997 has 60 seconds left.
|
|t:|1776979643
|move|p2a: Cobalion|Close Combat|p1a: Gurdurr
|-damage|p1a: Gurdurr|175/283
|-unboost|p2a: Cobalion|def|1
|-unboost|p2a: Cobalion|spd|1
|move|p1a: Gurdurr|Drain Punch|p2a: Cobalion
|-supereffective|p2a: Cobalion
|-damage|p2a: Cobalion|0 fnt
|-heal|p1a: Gurdurr|283/283|[from] drain|[of] p2a: Cobalion
|faint|p2a: Cobalion
|
|upkeep
|inactive|87tg7997 has 60 seconds left.
|
|t:|1776979662
|switch|p2a: Hatterene|Hatterene, L85, F|84/236
|turn|16
|
|t:|1776979670
|move|p1a: Gurdurr|Knock Off|p2a: Hatterene
|-damage|p2a: Hatterene|9/236
|-enditem|p2a: Hatterene|Leftovers|[from] move: Knock Off|[of] p1a: Gurdurr
|move|p2a: Hatterene|Draining Kiss|p1a: Gurdurr
|-supereffective|p1a: Gurdurr
|-damage|p1a: Gurdurr|149/283
|-heal|p2a: Hatterene|110/236|[from] drain|[of] p1a: Gurdurr
|
|upkeep
|turn|17
|
|t:|1776979680
|move|p1a: Gurdurr|Knock Off|p2a: Hatterene
|-damage|p2a: Hatterene|65/236
|move|p2a: Hatterene|Calm Mind|p2a: Hatterene
|-boost|p2a: Hatterene|spa|1
|-boost|p2a: Hatterene|spd|1
|
|upkeep
|turn|18
|
|t:|1776979686
|move|p1a: Gurdurr|Knock Off|p2a: Hatterene
|-damage|p2a: Hatterene|17/236
|move|p2a: Hatterene|Draining Kiss|p1a: Gurdurr
|-supereffective|p1a: Gurdurr
|-damage|p1a: Gurdurr|0 fnt
|-heal|p2a: Hatterene|129/236|[from] drain|[of] p1a: Gurdurr
|faint|p1a: Gurdurr
|
|upkeep
|
|t:|1776979694
|switch|p1a: Volbeat|Volbeat, L90, M|231/263
|turn|19
|
|t:|1776979699
|move|p1a: Volbeat|Thunder Wave|p2a: Hatterene
|move|p2a: Hatterene|Thunder Wave|p1a: Volbeat|[from] ability: Magic Bounce|[miss]
|-miss|p2a: Hatterene|p1a: Volbeat
|move|p2a: Hatterene|Draining Kiss|p1a: Volbeat
|-damage|p1a: Volbeat|125/263
|-heal|p2a: Hatterene|209/236|[from] drain|[of] p1a: Volbeat
|
|upkeep
|turn|20
|inactive|87tg7997 has 90 seconds left.
|c|☆87tg7997|jesus christ
|c|☆87tg7997|you serioulse gotta be one of the dumbest fucking pieces of shit ive played against
|inactive|87tg7997 has 60 seconds left.
|c|☆Ghxst124|cool
|inactive|87tg7997 has 30 seconds left.
|inactive|87tg7997 has 20 seconds left.
|inactive|87tg7997 has 15 seconds left.
|
|t:|1776979779
|move|p1a: Volbeat|Encore|p2a: Hatterene
|move|p2a: Hatterene|Encore||[from] ability: Magic Bounce|[still]
|-fail|p2a: Hatterene
|move|p2a: Hatterene|Draining Kiss|p1a: Volbeat
|-damage|p1a: Volbeat|23/263
|-heal|p2a: Hatterene|236/236|[from] drain|[of] p1a: Volbeat
|
|upkeep
|turn|21
|inactive|87tg7997 has 25 seconds left this turn.
|inactive|87tg7997 has 20 seconds left.
|inactive|Ghxst124 has 120 seconds left.
|
|t:|1776979810
|move|p1a: Volbeat|Roost|p1a: Volbeat
|-heal|p1a: Volbeat|155/263
|-singleturn|p1a: Volbeat|move: Roost
|move|p2a: Hatterene|Calm Mind|p2a: Hatterene
|-boost|p2a: Hatterene|spa|1
|-boost|p2a: Hatterene|spd|1
|
|upkeep
|turn|22
|inactive|87tg7997 has 30 seconds left this turn.
|
|t:|1776979818
|move|p1a: Volbeat|Roost|p1a: Volbeat
|-heal|p1a: Volbeat|263/263
|-singleturn|p1a: Volbeat|move: Roost
|move|p2a: Hatterene|Draining Kiss|p1a: Volbeat
|-crit|p1a: Volbeat
|-damage|p1a: Volbeat|38/263
|
|upkeep
|turn|23
|inactive|87tg7997 has 30 seconds left.
|
|t:|1776979824
|move|p1a: Volbeat|U-turn|p2a: Hatterene
|-damage|p2a: Hatterene|166/236
|
|t:|1776979827
|switch|p1a: Polteageist|Polteageist, L78|222/222|[from] U-turn
|move|p2a: Hatterene|Mystical Fire|p1a: Polteageist
|-damage|p1a: Polteageist|95/222
|-unboost|p1a: Polteageist|spa|1
|-start|p2a: Hatterene|Disable|Mystical Fire|[from] ability: Cursed Body|[of] p1a: Polteageist
|-enditem|p1a: Polteageist|White Herb
|-clearnegativeboost|p1a: Polteageist|[silent]
|
|upkeep
|turn|24
|
|t:|1776979839
|move|p1a: Polteageist|Strength Sap|p2a: Hatterene
|move|p2a: Hatterene|Strength Sap|p1a: Polteageist|[from] ability: Magic Bounce
|-unboost|p1a: Polteageist|atk|1
|-heal|p2a: Hatterene|236/236
|move|p2a: Hatterene|Psychic|p1a: Polteageist
|-damage|p1a: Polteageist|0 fnt
|faint|p1a: Polteageist
|
|upkeep
|
|t:|1776979842
|switch|p1a: Volbeat|Volbeat, L90, M|38/263
|turn|25
|inactive|87tg7997 has 30 seconds left.
|c|☆87tg7997|please give me more dumbshit opponents like thuis pokemon shoiwdown
|c|☆87tg7997|easiest win ever
|inactive|87tg7997 has 20 seconds left.
|inactive|87tg7997 has 15 seconds left.
|inactive|87tg7997 has 10 seconds left.
|inactive|87tg7997 has 5 seconds left.
|
|t:|1776979888
|move|p1a: Volbeat|U-turn|p2a: Hatterene
|-damage|p2a: Hatterene|169/236
|move|p2a: Hatterene|Psychic|p1a: Volbeat
|-damage|p1a: Volbeat|0 fnt
|faint|p1a: Volbeat
|
|win|87tg7997
