|j|☆animejat
|j|☆Cynda5436
|t:|1776984649
|gametype|singles
|player|p1|animejat|lucian|1454
|player|p2|Cynda5436|waitress-gen4|1430
|gen|9
|tier|[Gen 9] Random Battle
|rated|
|rule|Species Clause: Limit one of each Pokémon
|rule|HP Percentage Mod: HP is shown in percentages
|rule|Sleep Clause Mod: Limit one foe put to sleep
|rule|Illusion Level Mod: Illusion disguises the Pokémon's true level
|
|t:|1776984649
|teamsize|p1|6
|teamsize|p2|6
|start
|switch|p1a: Raikou|Raikou, L81|278/278
|switch|p2a: Zebstrika|Zebstrika, L87, M|272/272
|-ability|p1a: Raikou|Pressure
|turn|1
|inactive|Battle timer is ON: inactive players will automatically lose when time's up. (requested by animejat)
|inactive|animejat has 120 seconds left.
|
|t:|1776984708
|switch|p1a: Furret|Furret, L94, M|312/312
|-item|p2a: Zebstrika|Life Orb|[from] ability: Frisk|[of] p1a: Furret
|move|p2a: Zebstrika|High Horsepower|p1a: Furret
|-damage|p1a: Furret|202/312
|-damage|p2a: Zebstrika|245/272|[from] item: Life Orb
|
|upkeep
|turn|2
|
|t:|1776984729
|move|p2a: Zebstrika|Supercell Slam|p1a: Furret
|-damage|p1a: Furret|46/312
|-damage|p2a: Zebstrika|218/272|[from] item: Life Orb
|move|p1a: Furret|Double-Edge|p2a: Zebstrika
|-damage|p2a: Zebstrika|0 fnt
|faint|p2a: Zebstrika
|-damage|p1a: Furret|0 fnt|[from] Recoil
|faint|p1a: Furret
|
|upkeep
|inactive|Cynda5436 has 120 seconds left.
|
|t:|1776984744
|switch|p2a: Regieleki|Regieleki, L79|256/256
|switch|p1a: Raikou|Raikou, L81|278/278
|-ability|p1a: Raikou|Pressure
|turn|3
|inactive|Cynda5436 has 120 seconds left.
|
|t:|1776984770
|move|p2a: Regieleki|Volt Switch|p1a: Raikou
|-resisted|p1a: Raikou
|-damage|p1a: Raikou|233/278
|inactive|Cynda5436 has 120 seconds left.
|
|t:|1776984780
|switch|p2a: Meloetta|Meloetta, L82|298/298|[from] Volt Switch
|move|p1a: Raikou|Scald|p2a: Meloetta
|-damage|p2a: Meloetta|226/298
|
|upkeep
|turn|4
|inactive|Cynda5436 has 120 seconds left.
|inactive|animejat has 120 seconds left.
|
|t:|1776984822
|switch|p1a: Forretress|Forretress, L84, F|263/263
|move|p2a: Meloetta|Psyshock|p1a: Forretress
|-resisted|p1a: Forretress
|-damage|p1a: Forretress|216/263
|-damage|p2a: Meloetta|197/298|[from] item: Life Orb
|
|-heal|p1a: Forretress|232/263|[from] item: Leftovers
|upkeep
|turn|5
|inactive|Cynda5436 has 120 seconds left.
|
|t:|1776984845
|move|p2a: Meloetta|Calm Mind|p2a: Meloetta
|-boost|p2a: Meloetta|spa|1
|-boost|p2a: Meloetta|spd|1
|move|p1a: Forretress|Iron Head|p2a: Meloetta
|-damage|p2a: Meloetta|110/298
|
|-heal|p1a: Forretress|248/263|[from] item: Leftovers
|upkeep
|turn|6
|
|t:|1776984857
|move|p2a: Meloetta|Focus Blast|p1a: Forretress
|-damage|p1a: Forretress|0 fnt
|faint|p1a: Forretress
|-damage|p2a: Meloetta|81/298|[from] item: Life Orb
|
|upkeep
|
|t:|1776984867
|switch|p1a: Meganium|Meganium, L90, F|290/290
|turn|7
|inactive|Cynda5436 has 120 seconds left.
|
|t:|1776984882
|move|p2a: Meloetta|Hyper Voice|p1a: Meganium
|-damage|p1a: Meganium|95/290
|-damage|p2a: Meloetta|52/298|[from] item: Life Orb
|move|p1a: Meganium|Earthquake|p2a: Meloetta
|-damage|p2a: Meloetta|0 fnt
|faint|p2a: Meloetta
|
|-heal|p1a: Meganium|113/290|[from] item: Leftovers
|upkeep
|inactive|Cynda5436 has 120 seconds left.
|
|t:|1776984894
|switch|p2a: Squawkabilly|Squawkabilly-Blue, L85, F|278/278
|turn|8
|inactive|Cynda5436 has 120 seconds left.
|
|t:|1776984909
|switch|p1a: Raikou|Raikou, L81|233/278
|-ability|p1a: Raikou|Pressure
|move|p2a: Squawkabilly|U-turn|p1a: Raikou
|-crit|p1a: Raikou
|-damage|p1a: Raikou|144/278
|
|t:|1776984925
|switch|p2a: Regieleki|Regieleki, L79|256/256|[from] U-turn
|
|upkeep
|turn|9
|inactive|animejat has 120 seconds left.
|
|t:|1776984954
|move|p2a: Regieleki|Volt Switch|p1a: Raikou
|-resisted|p1a: Raikou
|-damage|p1a: Raikou|93/278
|inactive|Cynda5436 has 90 seconds left.
|
|t:|1776984983
|switch|p2a: Clawitzer|Clawitzer, L87, M|265/265|[from] Volt Switch
|move|p1a: Raikou|Thunderbolt|p2a: Clawitzer
|-supereffective|p2a: Clawitzer
|-damage|p2a: Clawitzer|0 fnt
|faint|p2a: Clawitzer
|
|upkeep
|inactive|Cynda5436 has 90 seconds left.
|
|t:|1776984998
|switch|p2a: Regieleki|Regieleki, L79|256/256
|turn|10
|
|t:|1776985017
|switch|p1a: Meganium|Meganium, L90, F|113/290
|-terastallize|p2a: Regieleki|Ice
|move|p2a: Regieleki|Tera Blast|p1a: Meganium|[anim] Tera Blast Ice
|-supereffective|p1a: Meganium
|-damage|p1a: Meganium|0 fnt
|faint|p1a: Meganium
|
|upkeep
|
|t:|1776985033
|switch|p1a: Volcarona|Volcarona, L77, M|257/257
|turn|11
|inactive|Cynda5436 has 90 seconds left.
|inactive|animejat has 90 seconds left.
|
|t:|1776985052
|move|p2a: Regieleki|Volt Switch|p1a: Volcarona
|-damage|p1a: Volcarona|148/257
|
|t:|1776985054
|switch|p2a: Stonjourner|Stonjourner, L91, M|330/330|[from] Volt Switch
|move|p1a: Volcarona|Fiery Dance|p2a: Stonjourner
|-resisted|p2a: Stonjourner
|-damage|p2a: Stonjourner|219/330
|
|upkeep
|turn|12
|
|t:|1776985063
|move|p1a: Volcarona|Giga Drain|p2a: Stonjourner
|-supereffective|p2a: Stonjourner
|-damage|p2a: Stonjourner|0 fnt
|-heal|p1a: Volcarona|257/257|[from] drain|[of] p2a: Stonjourner
|faint|p2a: Stonjourner
|
|upkeep
|
|t:|1776985065
|switch|p2a: Squawkabilly|Squawkabilly-Blue, L85, F|278/278
|turn|13
|inactive|animejat has 90 seconds left.
|inactive|animejat has 60 seconds left.
|
|t:|1776985122
|move|p2a: Squawkabilly|Brave Bird|p1a: Volcarona
|-supereffective|p1a: Volcarona
|-damage|p1a: Volcarona|0 fnt
|faint|p1a: Volcarona
|-damage|p2a: Squawkabilly|193/278|[from] Recoil
|
|-status|p2a: Squawkabilly|brn|[from] item: Flame Orb
|upkeep
|inactive|animejat has 60 seconds left.
|
|t:|1776985146
|switch|p1a: Raikou|Raikou, L81|93/278
|-ability|p1a: Raikou|Pressure
|turn|14
|
|t:|1776985164
|move|p2a: Squawkabilly|Quick Attack|p1a: Raikou
|-damage|p1a: Raikou|18/278
|move|p1a: Raikou|Volt Switch|p2a: Squawkabilly
|-supereffective|p2a: Squawkabilly
|-crit|p2a: Squawkabilly
|-damage|p2a: Squawkabilly|0 fnt
|faint|p2a: Squawkabilly
|
|t:|1776985170
|switch|p1a: Jumpluff|Jumpluff, L87, F|271/271|[from] Volt Switch
|
|upkeep
|
|t:|1776985174
|switch|p2a: Regieleki|Regieleki, L79, tera:Ice|256/256
|turn|15
|
|t:|1776985186
|-terastallize|p1a: Jumpluff|Steel
|move|p2a: Regieleki|Tera Blast|p1a: Jumpluff|[anim] Tera Blast Ice
|-resisted|p1a: Jumpluff
|-damage|p1a: Jumpluff|234/271
|move|p1a: Jumpluff|Acrobatics|p2a: Regieleki
|-damage|p2a: Regieleki|120/256
|
|upkeep
|turn|16
|
|t:|1776985194
|move|p2a: Regieleki|Thunderbolt|p1a: Jumpluff
|-damage|p1a: Jumpluff|110/271
|move|p1a: Jumpluff|Acrobatics|p2a: Regieleki
|-damage|p2a: Regieleki|0 fnt
|faint|p2a: Regieleki
|
|win|animejat
|raw|animejat's rating: 1454 &rarr; <strong>1473</strong><br />(+19 for winning)
|raw|Cynda5436's rating: 1430 &rarr; <strong>1411</strong><br />(-19 for losing)
|l|☆Cynda5436
|player|p2|
|c|☆animejat|ggwp
