|j|☆SuperSlayerShadow
|j|☆w4schbecken
|t:|1776972070
|gametype|singles
|player|p1|SuperSlayerShadow|2|1440
|player|p2|w4schbecken|allister|1484
|gen|9
|tier|[Gen 9] Random Battle
|rated|
|rule|Species Clause: Limit one of each Pokémon
|rule|HP Percentage Mod: HP is shown in percentages
|rule|Sleep Clause Mod: Limit one foe put to sleep
|rule|Illusion Level Mod: Illusion disguises the Pokémon's true level
|
|t:|1776972070
|teamsize|p1|6
|teamsize|p2|6
|start
|switch|p1a: Quaquaval|Quaquaval, L79, F|264/264
|switch|p2a: Oricorio|Oricorio-Pa'u, L87, M|272/272
|turn|1
|inactive|Battle timer is ON: inactive players will automatically lose when time's up. (requested by SuperSlayerShadow)
|
|t:|1776972082
|switch|p1a: Rampardos|Rampardos, L90, F|321/321
|move|p2a: Oricorio|Hurricane|p1a: Rampardos|[miss]
|-miss|p2a: Oricorio|p1a: Rampardos
|
|upkeep
|turn|2
|
|t:|1776972098
|-terastallize|p2a: Oricorio|Ground
|move|p1a: Rampardos|Rock Slide|p2a: Oricorio
|-resisted|p2a: Oricorio
|-damage|p2a: Oricorio|169/272
|move|p2a: Oricorio|Revelation Dance|p1a: Rampardos
|-supereffective|p1a: Rampardos
|-damage|p1a: Rampardos|33/321
|
|upkeep
|turn|3
|
|t:|1776972114
|switch|p1a: Politoed|Politoed, L88, M, shiny|302/302
|-weather|RainDance|[from] ability: Drizzle|[of] p1a: Politoed
|move|p2a: Oricorio|Revelation Dance|p1a: Politoed
|-damage|p1a: Politoed|215/302
|
|-weather|RainDance|[upkeep]
|upkeep
|turn|4
|
|t:|1776972126
|move|p2a: Oricorio|Quiver Dance|p2a: Oricorio
|-boost|p2a: Oricorio|spa|1
|-boost|p2a: Oricorio|spd|1
|-boost|p2a: Oricorio|spe|1
|move|p1a: Politoed|Weather Ball|p2a: Oricorio
|-supereffective|p2a: Oricorio
|-damage|p2a: Oricorio|0 fnt
|faint|p2a: Oricorio
|
|-weather|RainDance|[upkeep]
|upkeep
|inactive|w4schbecken has 120 seconds left.
|
|t:|1776972143
|switch|p2a: Meowscarada|Meowscarada, L78, M|247/247
|turn|5
|inactive|w4schbecken has 120 seconds left.
|
|t:|1776972165
|switch|p1a: Rampardos|Rampardos, L90, F|33/321
|move|p2a: Meowscarada|Flower Trick|p1a: Rampardos
|-start|p2a: Meowscarada|typechange|Grass|[from] ability: Protean
|-supereffective|p1a: Rampardos
|-crit|p1a: Rampardos
|-damage|p1a: Rampardos|0 fnt
|faint|p1a: Rampardos
|
|-weather|RainDance|[upkeep]
|upkeep
|
|t:|1776972178
|switch|p1a: Scream Tail|Scream Tail, L84|330/330
|turn|6
|
|t:|1776972185
|move|p2a: Meowscarada|Flower Trick|p1a: Scream Tail
|-crit|p1a: Scream Tail
|-damage|p1a: Scream Tail|191/330
|move|p1a: Scream Tail|Play Rough|p2a: Meowscarada|[miss]
|-miss|p1a: Scream Tail|p2a: Meowscarada
|
|-weather|RainDance|[upkeep]
|-heal|p1a: Scream Tail|211/330|[from] item: Leftovers
|upkeep
|turn|7
|
|t:|1776972195
|move|p2a: Meowscarada|Flower Trick|p1a: Scream Tail
|-crit|p1a: Scream Tail
|-damage|p1a: Scream Tail|52/330
|move|p1a: Scream Tail|Play Rough|p2a: Meowscarada
|-damage|p2a: Meowscarada|162/247
|
|-weather|none
|-heal|p1a: Scream Tail|72/330|[from] item: Leftovers
|upkeep
|turn|8
|
|t:|1776972204
|move|p1a: Scream Tail|Protect|p1a: Scream Tail
|-singleturn|p1a: Scream Tail|Protect
|move|p2a: Meowscarada|Flower Trick|p1a: Scream Tail
|-activate|p1a: Scream Tail|move: Protect
|
|-heal|p1a: Scream Tail|92/330|[from] item: Leftovers
|upkeep
|turn|9
|
|t:|1776972214
|move|p2a: Meowscarada|Flower Trick|p1a: Scream Tail
|-crit|p1a: Scream Tail
|-damage|p1a: Scream Tail|0 fnt
|faint|p1a: Scream Tail
|-end|p1a: Scream Tail|Protosynthesis|[silent]
|
|upkeep
|
|t:|1776972222
|switch|p1a: Charizard|Charizard, L85, F|271/271
|turn|10
|
|t:|1776972246
|switch|p2a: Raikou|Raikou, L81|278/278
|-ability|p2a: Raikou|Pressure
|move|p1a: Charizard|Dragon Dance|p1a: Charizard
|-boost|p1a: Charizard|atk|1
|-boost|p1a: Charizard|spe|1
|
|upkeep
|turn|11
|
|t:|1776972260
|-terastallize|p1a: Charizard|Dragon
|move|p1a: Charizard|Dragon Dance|p1a: Charizard
|-boost|p1a: Charizard|atk|1
|-boost|p1a: Charizard|spe|1
|move|p2a: Raikou|Thunderbolt|p1a: Charizard
|-resisted|p1a: Charizard
|-damage|p1a: Charizard|199/271
|
|upkeep
|turn|12
|inactive|w4schbecken has 120 seconds left.
|
|t:|1776972292
|move|p1a: Charizard|Earthquake|p2a: Raikou
|-supereffective|p2a: Raikou
|-damage|p2a: Raikou|0 fnt
|faint|p2a: Raikou
|
|upkeep
|
|t:|1776972305
|switch|p2a: Appletun|Appletun, L92, F|352/352
|turn|13
|
|t:|1776972312
|move|p1a: Charizard|Outrage|p2a: Appletun
|-supereffective|p2a: Appletun
|-damage|p2a: Appletun|0 fnt
|faint|p2a: Appletun
|
|upkeep
|inactive|w4schbecken has 120 seconds left.
|
|t:|1776972317
|switch|p2a: Meowscarada|Meowscarada, L78, M|162/247
|turn|14
|
|t:|1776972320
|move|p1a: Charizard|Outrage|p2a: Meowscarada|[from] lockedmove
|-damage|p2a: Meowscarada|0 fnt
|faint|p2a: Meowscarada
|
|upkeep
|
|t:|1776972330
|switch|p2a: Mimikyu|Mimikyu, L79, M|216/216
|turn|15
|
|t:|1776972352
|move|p1a: Charizard|Outrage|p2a: Mimikyu|[from] lockedmove
|-immune|p2a: Mimikyu
|-start|p1a: Charizard|confusion|[fatigue]
|move|p2a: Mimikyu|Play Rough|p1a: Charizard
|-supereffective|p1a: Charizard
|-damage|p1a: Charizard|0 fnt
|faint|p1a: Charizard
|-damage|p2a: Mimikyu|195/216|[from] item: Life Orb
|
|upkeep
|
|t:|1776972360
|switch|p1a: Politoed|Politoed, L88, M, shiny|215/302
|-weather|RainDance|[from] ability: Drizzle|[of] p1a: Politoed
|turn|16
|
|t:|1776972368
|move|p2a: Mimikyu|Swords Dance|p2a: Mimikyu
|-boost|p2a: Mimikyu|atk|2
|move|p1a: Politoed|Weather Ball|p2a: Mimikyu
|-activate|p2a: Mimikyu|ability: Disguise
|-damage|p2a: Mimikyu|195/216
|detailschange|p2a: Mimikyu|Mimikyu-Busted, L79, M
|-damage|p2a: Mimikyu|168/216|[from] pokemon: Mimikyu-Busted
|
|-weather|RainDance|[upkeep]
|upkeep
|turn|17
|
|t:|1776972379
|move|p2a: Mimikyu|Play Rough|p1a: Politoed
|-damage|p1a: Politoed|0 fnt
|faint|p1a: Politoed
|-damage|p2a: Mimikyu|147/216|[from] item: Life Orb
|
|-weather|RainDance|[upkeep]
|upkeep
|
|t:|1776972391
|switch|p1a: Quaquaval|Quaquaval, L79, F|264/264
|turn|18
|
|t:|1776972397
|move|p2a: Mimikyu|Play Rough|p1a: Quaquaval
|-supereffective|p1a: Quaquaval
|-damage|p1a: Quaquaval|0 fnt
|faint|p1a: Quaquaval
|-damage|p2a: Mimikyu|126/216|[from] item: Life Orb
|
|-weather|RainDance|[upkeep]
|upkeep
|
|t:|1776972404
|switch|p1a: Ceruledge|Ceruledge, L78, F|245/245
|turn|19
|
|t:|1776972414
|move|p2a: Mimikyu|Shadow Sneak|p1a: Ceruledge
|-supereffective|p1a: Ceruledge
|-damage|p1a: Ceruledge|32/245
|-ability|p1a: Ceruledge|Weak Armor|boost
|-unboost|p1a: Ceruledge|def|1
|-boost|p1a: Ceruledge|spe|2
|-damage|p2a: Mimikyu|105/216|[from] item: Life Orb
|move|p1a: Ceruledge|Poltergeist|p2a: Mimikyu
|-activate|p2a: Mimikyu|move: Poltergeist|Life Orb
|-supereffective|p2a: Mimikyu
|-damage|p2a: Mimikyu|0 fnt
|faint|p2a: Mimikyu
|
|-weather|RainDance|[upkeep]
|upkeep
|
|t:|1776972427
|switch|p2a: Porygon-Z|Porygon-Z, L83|277/277
|-ability|p2a: Porygon-Z|Download|boost
|-boost|p2a: Porygon-Z|atk|1
|turn|20
|
|t:|1776972434
|move|p1a: Ceruledge|Close Combat|p2a: Porygon-Z
|-supereffective|p2a: Porygon-Z
|-damage|p2a: Porygon-Z|67/277
|-unboost|p1a: Ceruledge|def|1
|-unboost|p1a: Ceruledge|spd|1
|move|p2a: Porygon-Z|Shadow Ball|p1a: Ceruledge
|-supereffective|p1a: Ceruledge
|-damage|p1a: Ceruledge|0 fnt
|faint|p1a: Ceruledge
|-damage|p2a: Porygon-Z|40/277|[from] item: Life Orb
|
|win|w4schbecken
|raw|SuperSlayerShadow's rating: 1440 &rarr; <strong>1423</strong><br />(-17 for losing)
|raw|w4schbecken's rating: 1484 &rarr; <strong>1501</strong><br />(+17 for winning)
|l|☆SuperSlayerShadow
|player|p1|
