|j|☆Tensh1n
|j|‽Amida_Vileblood
|t:|1772752586
|gametype|singles
|player|p1|Tensh1n|clair|
|player|p2|Amida_Vileblood|red|
|gen|9
|tier|[Gen 9] Random Battle
|rule|Species Clause: Limit one of each Pokémon
|rule|HP Percentage Mod: HP is shown in percentages
|rule|Sleep Clause Mod: Limit one foe put to sleep
|rule|Illusion Level Mod: Illusion disguises the Pokémon's true level
|
|t:|1772752586
|teamsize|p1|6
|teamsize|p2|6
|start
|switch|p1a: Delibird|Delibird, M|252/252
|switch|p2a: Pecharunt|Pecharunt, L77|262/262
|turn|1
|
|t:|1772752607
|switch|p1a: Goodra|Goodra-Hisui, L82, M|265/265
|move|p2a: Pecharunt|Malignant Chain|p1a: Goodra
|-immune|p1a: Goodra
|
|upkeep
|turn|2
|
|t:|1772752628
|switch|p2a: Toxapex|Toxapex, L82, M|216/216
|move|p1a: Goodra|Knock Off|p2a: Toxapex
|-damage|p2a: Toxapex|174/216
|-damage|p1a: Goodra|221/265|[from] item: Rocky Helmet|[of] p2a: Toxapex
|-enditem|p2a: Toxapex|Rocky Helmet|[from] move: Knock Off|[of] p1a: Goodra
|
|upkeep
|turn|3
|
|t:|1772752656
|-terastallize|p2a: Toxapex|Fairy
|move|p1a: Goodra|Thunderbolt|p2a: Toxapex
|-damage|p2a: Toxapex|131/216
|move|p2a: Toxapex|Toxic Spikes|p1a: Goodra
|-sidestart|p1: Tensh1n|move: Toxic Spikes
|
|upkeep
|turn|4
|
|t:|1772752665
|move|p1a: Goodra|Heavy Slam|p2a: Toxapex
|-supereffective|p2a: Toxapex
|-damage|p2a: Toxapex|0 fnt
|faint|p2a: Toxapex
|
|upkeep
|
|t:|1772752680
|switch|p2a: Jolteon|Jolteon, L84, M|246/246
|turn|5
|
|t:|1772752690
|move|p2a: Jolteon|Thunderbolt|p1a: Goodra
|-resisted|p1a: Goodra
|-damage|p1a: Goodra|198/265
|-status|p1a: Goodra|par
|move|p1a: Goodra|Knock Off|p2a: Jolteon
|-damage|p2a: Jolteon|153/246
|-enditem|p2a: Jolteon|Leftovers|[from] move: Knock Off|[of] p1a: Goodra
|
|upkeep
|turn|6
|
|t:|1772752708
|move|p2a: Jolteon|Calm Mind|p2a: Jolteon
|-boost|p2a: Jolteon|spa|1
|-boost|p2a: Jolteon|spd|1
|move|p1a: Goodra|Thunderbolt|p2a: Jolteon
|-heal|p2a: Jolteon|214/246|[from] ability: Volt Absorb|[of] p1a: Goodra
|
|upkeep
|turn|7
|
|t:|1772752718
|move|p2a: Jolteon|Tera Blast|p1a: Goodra
|-resisted|p1a: Goodra
|-damage|p1a: Goodra|175/265 par
|cant|p1a: Goodra|par
|
|upkeep
|turn|8
|
|t:|1772752728
|move|p2a: Jolteon|Thunderbolt|p1a: Goodra
|-resisted|p1a: Goodra
|-damage|p1a: Goodra|138/265 par
|move|p1a: Goodra|Draco Meteor|p2a: Jolteon
|-damage|p2a: Jolteon|118/246
|-unboost|p1a: Goodra|spa|2
|
|upkeep
|turn|9
|
|t:|1772752738
|move|p2a: Jolteon|Thunderbolt|p1a: Goodra
|-resisted|p1a: Goodra
|-damage|p1a: Goodra|99/265 par
|move|p1a: Goodra|Heavy Slam|p2a: Jolteon
|-resisted|p2a: Jolteon
|-damage|p2a: Jolteon|35/246
|
|upkeep
|turn|10
|
|t:|1772752745
|move|p2a: Jolteon|Thunderbolt|p1a: Goodra
|-resisted|p1a: Goodra
|-damage|p1a: Goodra|61/265 par
|move|p1a: Goodra|Heavy Slam|p2a: Jolteon
|-resisted|p2a: Jolteon
|-damage|p2a: Jolteon|0 fnt
|faint|p2a: Jolteon
|
|upkeep
|
|t:|1772752760
|switch|p2a: Mabosstiff|Mabosstiff, L86, F|278/278
|turn|11
|
|t:|1772752771
|move|p2a: Mabosstiff|Play Rough|p1a: Goodra|[miss]
|-miss|p2a: Mabosstiff|p1a: Goodra
|cant|p1a: Goodra|par
|
|upkeep
|turn|12
|
|t:|1772752777
|move|p2a: Mabosstiff|Play Rough|p1a: Goodra
|-damage|p1a: Goodra|0 fnt
|faint|p1a: Goodra
|
|upkeep
|
|t:|1772752786
|switch|p1a: Delibird|Delibird, M|252/252
|turn|13
|
|t:|1772752793
|switch|p2a: Pecharunt|Pecharunt, L77|262/262
|move|p1a: Delibird|Rapid Spin|p2a: Pecharunt
|-immune|p2a: Pecharunt
|
|upkeep
|turn|14
|
|t:|1772752810
|switch|p1a: Dipplin|Dipplin, L88, F|284/284
|-status|p1a: Dipplin|psn
|move|p2a: Pecharunt|Malignant Chain|p1a: Dipplin
|-supereffective|p1a: Dipplin
|-damage|p1a: Dipplin|162/284 psn
|
|-damage|p1a: Dipplin|127/284 psn|[from] psn
|upkeep
|turn|15
|
|t:|1772752826
|move|p2a: Pecharunt|Malignant Chain|p1a: Dipplin
|-supereffective|p1a: Dipplin
|-damage|p1a: Dipplin|11/284 psn
|move|p1a: Dipplin|Recover|p1a: Dipplin
|-heal|p1a: Dipplin|153/284 psn
|
|-damage|p1a: Dipplin|118/284 psn|[from] psn
|upkeep
|turn|16
|
|t:|1772752839
|move|p2a: Pecharunt|Malignant Chain|p1a: Dipplin
|-supereffective|p1a: Dipplin
|-damage|p1a: Dipplin|14/284 psn
|move|p1a: Dipplin|Dragon Tail|p2a: Pecharunt
|-damage|p2a: Pecharunt|223/262
|drag|p2a: Mabosstiff|Mabosstiff, L86, F|278/278
|
|-damage|p1a: Dipplin|0 fnt|[from] psn
|faint|p1a: Dipplin
|upkeep
|
|t:|1772752852
|switch|p1a: Delibird|Delibird, M|252/252
|turn|17
|
|t:|1772752871
|move|p1a: Delibird|Brave Bird|p2a: Mabosstiff
|-damage|p2a: Mabosstiff|161/278
|-damage|p1a: Delibird|213/252|[from] Recoil
|move|p2a: Mabosstiff|Wild Charge|p1a: Delibird
|-supereffective|p1a: Delibird
|-damage|p1a: Delibird|0 fnt
|faint|p1a: Delibird
|-damage|p2a: Mabosstiff|108/278|[from] Recoil
|
|upkeep
|
|t:|1772752881
|switch|p1a: Floatzel|Floatzel, L86, M|286/286
|-status|p1a: Floatzel|psn
|turn|18
|
|t:|1772752887
|move|p1a: Floatzel|Crunch|p2a: Mabosstiff
|-resisted|p2a: Mabosstiff
|-crit|p2a: Mabosstiff
|-damage|p2a: Mabosstiff|36/278
|move|p2a: Mabosstiff|Wild Charge|p1a: Floatzel
|-supereffective|p1a: Floatzel
|-damage|p1a: Floatzel|0 fnt
|faint|p1a: Floatzel
|-damage|p2a: Mabosstiff|0 fnt|[from] Recoil
|faint|p2a: Mabosstiff
|
|upkeep
|
|t:|1772752903
|switch|p1a: Torkoal|Torkoal, L88, M|266/266
|switch|p2a: Vespiquen|Vespiquen, L99, F|299/299
|-ability|p2a: Vespiquen|Pressure
|-weather|SunnyDay|[from] ability: Drought|[of] p1a: Torkoal
|turn|19
|
|t:|1772752917
|move|p2a: Vespiquen|U-turn|p1a: Torkoal
|-resisted|p1a: Torkoal
|-damage|p1a: Torkoal|235/266
|
|t:|1772752923
|switch|p2a: Pecharunt|Pecharunt, L77|223/262|[from] U-turn
|move|p1a: Torkoal|Lava Plume|p2a: Pecharunt
|-crit|p2a: Pecharunt
|-damage|p2a: Pecharunt|33/262
|-status|p2a: Pecharunt|brn
|
|-weather|SunnyDay|[upkeep]
|-heal|p2a: Pecharunt|49/262 brn|[from] item: Leftovers
|-damage|p2a: Pecharunt|33/262 brn|[from] brn
|upkeep
|turn|20
|
|t:|1772752942
|move|p2a: Pecharunt|Malignant Chain|p1a: Torkoal
|-damage|p1a: Torkoal|133/266
|-status|p1a: Torkoal|tox
|-start|p1a: Torkoal|confusion|[from] ability: Poison Puppeteer|[of] p2a: Pecharunt
|-activate|p1a: Torkoal|confusion
|move|p1a: Torkoal|Lava Plume|p2a: Pecharunt
|-damage|p2a: Pecharunt|0 fnt
|faint|p2a: Pecharunt
|
|-weather|SunnyDay|[upkeep]
|-damage|p1a: Torkoal|117/266 tox|[from] psn
|upkeep
|
|t:|1772752958
|switch|p2a: Vespiquen|Vespiquen, L99, F|299/299
|-ability|p2a: Vespiquen|Pressure
|turn|21
|
|t:|1772752969
|move|p2a: Vespiquen|U-turn|p1a: Torkoal
|-resisted|p1a: Torkoal
|-damage|p1a: Torkoal|88/266 tox
|
|t:|1772752972
|switch|p2a: Giratina|Giratina, L75|349/349|[from] U-turn
|-ability|p2a: Giratina|Pressure
|-activate|p1a: Torkoal|confusion
|-damage|p1a: Torkoal|73/266 tox|[from] confusion
|
|-weather|SunnyDay|[upkeep]
|-damage|p1a: Torkoal|41/266 tox|[from] psn
|upkeep
|turn|22
|
|t:|1772752989
|move|p2a: Giratina|Shadow Ball|p1a: Torkoal
|-damage|p1a: Torkoal|0 fnt
|faint|p1a: Torkoal
|
|-weather|SunnyDay|[upkeep]
|upkeep
|
|t:|1772752993
|switch|p1a: Zarude|Zarude-Dada, L77|288/288
|turn|23
|
|t:|1772753005
|move|p1a: Zarude|Swords Dance|p1a: Zarude
|-boost|p1a: Zarude|atk|2
|move|p2a: Giratina|Will-O-Wisp|p1a: Zarude|[miss]
|-miss|p2a: Giratina|p1a: Zarude
|
|-weather|none
|upkeep
|turn|24
|
|t:|1772753014
|-terastallize|p1a: Zarude|Grass
|move|p1a: Zarude|Knock Off|p2a: Giratina
|-supereffective|p2a: Giratina
|-damage|p2a: Giratina|0 fnt
|-enditem|p2a: Giratina|Leftovers|[from] move: Knock Off|[of] p1a: Zarude
|faint|p2a: Giratina
|
|upkeep
|
|t:|1772753021
|switch|p2a: Vespiquen|Vespiquen, L99, F|299/299
|-ability|p2a: Vespiquen|Pressure
|turn|25
|
|t:|1772753029
|move|p1a: Zarude|Knock Off|p2a: Vespiquen
|-damage|p2a: Vespiquen|137/299
|-enditem|p2a: Vespiquen|Heavy-Duty Boots|[from] move: Knock Off|[of] p1a: Zarude
|move|p2a: Vespiquen|Hurricane|p1a: Zarude
|-supereffective|p1a: Zarude
|-damage|p1a: Zarude|0 fnt
|faint|p1a: Zarude
|
|win|Amida_Vileblood
|c|☆Tensh1n|gg
