|j|☆defrgtefwgrhtjuy
|j|☆Juan413
|t:|1772744477
|gametype|singles
|player|p1|defrgtefwgrhtjuy|169|1000
|player|p2|Juan413|hilbert|1044
|gen|9
|tier|[Gen 9] Random Battle
|rated|
|rule|Species Clause: Limit one of each Pokémon
|rule|HP Percentage Mod: HP is shown in percentages
|rule|Sleep Clause Mod: Limit one foe put to sleep
|rule|Illusion Level Mod: Illusion disguises the Pokémon's true level
|
|t:|1772744477
|teamsize|p1|6
|teamsize|p2|6
|start
|switch|p1a: Grimmsnarl|Grimmsnarl, L83, M|293/293
|switch|p2a: Walking Wake|Walking Wake, L79|286/286
|turn|1
|inactive|Battle timer is ON: inactive players will automatically lose when time's up. (requested by Juan413)
|
|t:|1772744495
|-end|p2a: Walking Wake|Protosynthesis|[silent]
|switch|p2a: Spiritomb|Spiritomb, L89, F|234/234
|-terastallize|p1a: Grimmsnarl|Steel
|move|p1a: Grimmsnarl|Parting Shot|p2a: Spiritomb
|-hint|Since gen 7, Dark is immune to Prankster moves.
|-immune|p2a: Spiritomb
|
|upkeep
|turn|2
|
|t:|1772744509
|move|p1a: Grimmsnarl|Spirit Break|p2a: Spiritomb
|-supereffective|p2a: Spiritomb
|-damage|p2a: Spiritomb|76/234
|-unboost|p2a: Spiritomb|spa|1
|move|p2a: Spiritomb|Will-O-Wisp|p1a: Grimmsnarl
|-status|p1a: Grimmsnarl|brn
|
|-heal|p2a: Spiritomb|90/234|[from] item: Leftovers
|-damage|p1a: Grimmsnarl|275/293 brn|[from] brn
|upkeep
|turn|3
|
|t:|1772744513
|switch|p2a: Ting-Lu|Ting-Lu, L78|370/370
|-ability|p2a: Ting-Lu|Vessel of Ruin
|move|p1a: Grimmsnarl|Spirit Break|p2a: Ting-Lu
|-supereffective|p2a: Ting-Lu
|-damage|p2a: Ting-Lu|286/370
|-unboost|p2a: Ting-Lu|spa|1
|
|-heal|p1a: Grimmsnarl|293/293 brn|[from] item: Leftovers
|-heal|p2a: Ting-Lu|309/370|[from] item: Leftovers
|-damage|p1a: Grimmsnarl|275/293 brn|[from] brn
|upkeep
|turn|4
|
|t:|1772744518
|move|p1a: Grimmsnarl|Parting Shot|p2a: Ting-Lu
|-hint|Since gen 7, Dark is immune to Prankster moves.
|-immune|p2a: Ting-Lu
|move|p2a: Ting-Lu|Earthquake|p1a: Grimmsnarl
|-supereffective|p1a: Grimmsnarl
|-damage|p1a: Grimmsnarl|3/293 brn
|
|-heal|p1a: Grimmsnarl|21/293 brn|[from] item: Leftovers
|-heal|p2a: Ting-Lu|332/370|[from] item: Leftovers
|-damage|p1a: Grimmsnarl|3/293 brn|[from] brn
|upkeep
|turn|5
|inactive|Juan413 has 120 seconds left.
|inactive|Juan413 has 90 seconds left.
|
|t:|1772744594
|switch|p2a: Spiritomb|Spiritomb, L89, F|90/234
|move|p1a: Grimmsnarl|Sucker Punch||[still]
|-fail|p1a: Grimmsnarl
|
|-heal|p1a: Grimmsnarl|21/293 brn|[from] item: Leftovers
|-heal|p2a: Spiritomb|104/234|[from] item: Leftovers
|-damage|p1a: Grimmsnarl|3/293 brn|[from] brn
|upkeep
|turn|6
|
|t:|1772744614
|move|p1a: Grimmsnarl|Sucker Punch|p2a: Spiritomb
|-damage|p2a: Spiritomb|68/234
|move|p2a: Spiritomb|Shadow Sneak|p1a: Grimmsnarl
|-damage|p1a: Grimmsnarl|0 fnt
|faint|p1a: Grimmsnarl
|
|-heal|p2a: Spiritomb|82/234|[from] item: Leftovers
|upkeep
|
|t:|1772744618
|switch|p1a: Lilligant|Lilligant-Hisui, L79, F|240/240
|turn|7
|
|t:|1772744623
|move|p1a: Lilligant|Victory Dance|p1a: Lilligant
|-boost|p1a: Lilligant|atk|1
|-boost|p1a: Lilligant|def|1
|-boost|p1a: Lilligant|spe|1
|move|p2a: Spiritomb|Will-O-Wisp|p1a: Lilligant
|-status|p1a: Lilligant|brn
|
|-heal|p2a: Spiritomb|96/234|[from] item: Leftovers
|-damage|p1a: Lilligant|225/240 brn|[from] brn
|upkeep
|turn|8
|
|t:|1772744634
|move|p2a: Spiritomb|Shadow Sneak|p1a: Lilligant
|-damage|p1a: Lilligant|189/240 brn
|move|p1a: Lilligant|Ice Spinner|p2a: Spiritomb
|-damage|p2a: Spiritomb|50/234
|
|-heal|p2a: Spiritomb|64/234|[from] item: Leftovers
|-damage|p1a: Lilligant|174/240 brn|[from] brn
|upkeep
|turn|9
|
|t:|1772744655
|move|p2a: Spiritomb|Shadow Sneak|p1a: Lilligant
|-damage|p1a: Lilligant|137/240 brn
|move|p1a: Lilligant|Ice Spinner|p2a: Spiritomb
|-damage|p2a: Spiritomb|14/234
|
|-heal|p2a: Spiritomb|28/234|[from] item: Leftovers
|-damage|p1a: Lilligant|122/240 brn|[from] brn
|upkeep
|turn|10
|
|t:|1772744660
|move|p2a: Spiritomb|Shadow Sneak|p1a: Lilligant
|-damage|p1a: Lilligant|82/240 brn
|move|p1a: Lilligant|Leaf Blade|p2a: Spiritomb
|-damage|p2a: Spiritomb|0 fnt
|faint|p2a: Spiritomb
|
|-damage|p1a: Lilligant|67/240 brn|[from] brn
|upkeep
|
|t:|1772744676
|switch|p2a: Ting-Lu|Ting-Lu, L78|332/370
|-ability|p2a: Ting-Lu|Vessel of Ruin
|turn|11
|
|t:|1772744681
|move|p1a: Lilligant|Leaf Blade|p2a: Ting-Lu
|-supereffective|p2a: Ting-Lu
|-damage|p2a: Ting-Lu|163/370
|move|p2a: Ting-Lu|Heavy Slam|p1a: Lilligant
|-damage|p1a: Lilligant|0 fnt
|faint|p1a: Lilligant
|
|-heal|p2a: Ting-Lu|186/370|[from] item: Leftovers
|upkeep
|
|t:|1772744685
|switch|p1a: Glimmora|Glimmora, L75, M|248/248
|turn|12
|
|t:|1772744690
|move|p1a: Glimmora|Earth Power|p2a: Ting-Lu
|-damage|p2a: Ting-Lu|128/370
|move|p2a: Ting-Lu|Earthquake|p1a: Glimmora
|-supereffective|p1a: Glimmora
|-damage|p1a: Glimmora|0 fnt
|-activate|p1a: Glimmora|ability: Toxic Debris
|-sidestart|p2: Juan413|move: Toxic Spikes
|faint|p1a: Glimmora
|
|-heal|p2a: Ting-Lu|151/370|[from] item: Leftovers
|upkeep
|
|t:|1772744694
|switch|p1a: Houndstone|Houndstone, L86, F|264/264
|turn|13
|
|t:|1772744698
|move|p1a: Houndstone|Body Press|p2a: Ting-Lu
|-supereffective|p2a: Ting-Lu
|-damage|p2a: Ting-Lu|47/370
|move|p2a: Ting-Lu|Payback|p1a: Houndstone
|-supereffective|p1a: Houndstone
|-damage|p1a: Houndstone|171/264
|
|-heal|p2a: Ting-Lu|70/370|[from] item: Leftovers
|upkeep
|turn|14
|
|t:|1772744719
|move|p1a: Houndstone|Shadow Sneak|p2a: Ting-Lu
|-resisted|p2a: Ting-Lu
|-damage|p2a: Ting-Lu|51/370
|move|p2a: Ting-Lu|Heavy Slam|p1a: Houndstone
|-damage|p1a: Houndstone|135/264
|
|-heal|p2a: Ting-Lu|74/370|[from] item: Leftovers
|upkeep
|turn|15
|
|t:|1772744722
|move|p1a: Houndstone|Play Rough|p2a: Ting-Lu
|-supereffective|p2a: Ting-Lu
|-damage|p2a: Ting-Lu|0 fnt
|faint|p2a: Ting-Lu
|
|upkeep
|
|t:|1772744725
|switch|p2a: Groudon|Groudon, L72|263/263
|-status|p2a: Groudon|psn
|-weather|SunnyDay|[from] ability: Drought|[of] p2a: Groudon
|turn|16
|
|t:|1772744732
|move|p2a: Groudon|Heat Crash|p1a: Houndstone
|-damage|p1a: Houndstone|8/264
|move|p1a: Houndstone|Poltergeist|p2a: Groudon
|-activate|p2a: Groudon|move: Poltergeist|Leftovers
|-damage|p2a: Groudon|166/263 psn
|
|-weather|SunnyDay|[upkeep]
|-heal|p2a: Groudon|182/263 psn|[from] item: Leftovers
|-damage|p2a: Groudon|150/263 psn|[from] psn
|upkeep
|turn|17
|inactive|Juan413 has 120 seconds left.
|
|t:|1772744763
|switch|p2a: Terapagos|Terapagos, L77, M|265/265
|-activate|p2a: Terapagos|ability: Tera Shift
|detailschange|p2a: Terapagos|Terapagos-Terastal, L77, M
|-heal|p2a: Terapagos|273/273|[silent]
|move|p1a: Houndstone|Body Press|p2a: Terapagos
|-activate|p2a: Terapagos|ability: Tera Shell
|-resisted|p2a: Terapagos
|-damage|p2a: Terapagos|245/273
|
|-weather|SunnyDay|[upkeep]
|upkeep
|turn|18
|
|t:|1772744787
|move|p1a: Houndstone|Shadow Sneak|p2a: Terapagos
|-immune|p2a: Terapagos
|move|p2a: Terapagos|Dark Pulse|p1a: Houndstone
|-supereffective|p1a: Houndstone
|-damage|p1a: Houndstone|0 fnt
|faint|p1a: Houndstone
|
|-weather|SunnyDay|[upkeep]
|upkeep
|
|t:|1772744791
|switch|p1a: Dodrio|Dodrio, L85, M|241/241
|turn|19
|
|t:|1772744798
|move|p1a: Dodrio|Knock Off|p2a: Terapagos
|-damage|p2a: Terapagos|140/273
|-enditem|p2a: Terapagos|Heavy-Duty Boots|[from] move: Knock Off|[of] p1a: Dodrio
|move|p2a: Terapagos|Rapid Spin|p1a: Dodrio
|-damage|p1a: Dodrio|192/241
|-boost|p2a: Terapagos|spe|1
|-sideend|p2: Juan413|Toxic Spikes|[from] move: Rapid Spin|[of] p2a: Terapagos
|
|-weather|SunnyDay|[upkeep]
|upkeep
|turn|20
|
|t:|1772744818
|-terastallize|p2a: Terapagos|Stellar
|detailschange|p2a: Terapagos|Terapagos-Stellar, L77, M, tera:Stellar
|-heal|p2a: Terapagos|240/373|[silent]
|-ability|p2a: Terapagos|Teraform Zero
|-weather|none
|move|p2a: Terapagos|Tera Starstorm|p1a: Dodrio
|-damage|p1a: Dodrio|50/241
|move|p1a: Dodrio|Knock Off|p2a: Terapagos
|-damage|p2a: Terapagos|169/373
|
|upkeep
|turn|21
|
|t:|1772744831
|move|p2a: Terapagos|Dark Pulse|p1a: Dodrio
|-damage|p1a: Dodrio|0 fnt
|faint|p1a: Dodrio
|
|upkeep
|
|t:|1772744835
|switch|p1a: Polteageist|Polteageist-Antique, L78|222/222
|turn|22
|
|t:|1772744856
|move|p2a: Terapagos|Dark Pulse|p1a: Polteageist
|-supereffective|p1a: Polteageist
|-damage|p1a: Polteageist|104/222
|move|p1a: Polteageist|Shell Smash|p1a: Polteageist
|-unboost|p1a: Polteageist|def|1
|-unboost|p1a: Polteageist|spd|1
|-boost|p1a: Polteageist|atk|2
|-boost|p1a: Polteageist|spa|2
|-boost|p1a: Polteageist|spe|2
|-enditem|p1a: Polteageist|White Herb
|-clearnegativeboost|p1a: Polteageist|[silent]
|
|upkeep
|turn|23
|
|t:|1772744865
|move|p1a: Polteageist|Stored Power|p2a: Terapagos
|-damage|p2a: Terapagos|0 fnt
|faint|p2a: Terapagos
|detailschange|p2: Terapagos|Terapagos, L77, M|[silent]
|
|upkeep
|
|t:|1772744872
|switch|p2a: Minior|Minior, L79|224/224
|-formechange|p2a: Minior|Minior-Meteor||[from] ability: Shields Down
|turn|24
|
|t:|1772744886
|move|p1a: Polteageist|Stored Power|p2a: Minior
|-damage|p2a: Minior|0 fnt
|faint|p2a: Minior
|
|upkeep
|
|t:|1772744906
|switch|p2a: Walking Wake|Walking Wake, L79|286/286
|turn|25
|
|t:|1772744911
|move|p1a: Polteageist|Stored Power|p2a: Walking Wake
|-damage|p2a: Walking Wake|22/286
|move|p2a: Walking Wake|Draco Meteor|p1a: Polteageist
|-damage|p1a: Polteageist|0 fnt
|-unboost|p2a: Walking Wake|spa|2
|faint|p1a: Polteageist
|
|win|Juan413
|raw|defrgtefwgrhtjuy's rating: 1000 &rarr; <strong>1000</strong><br />(+0 for losing)
|raw|Juan413's rating: 1056 &rarr; <strong>1083</strong><br />(+27 for winning)
|l|☆defrgtefwgrhtjuy
|player|p1|
