|j|☆Charlie_ciou
|j|☆arth)0910
|t:|1776970160
|gametype|singles
|player|p1|Charlie_ciou|wallace|1067
|player|p2|arth)0910|hilbert|1081
|gen|9
|tier|[Gen 9] Random Battle
|rated|
|rule|Species Clause: Limit one of each Pokémon
|rule|HP Percentage Mod: HP is shown in percentages
|rule|Sleep Clause Mod: Limit one foe put to sleep
|rule|Illusion Level Mod: Illusion disguises the Pokémon's true level
|
|t:|1776970160
|teamsize|p1|6
|teamsize|p2|6
|start
|switch|p1a: Magnezone|Magnezone, L85|258/258
|switch|p2a: Brute Bonnet|Brute Bonnet, L80|309/309
|turn|1
|
|t:|1776970172
|move|p1a: Magnezone|Volt Switch|p2a: Brute Bonnet
|-resisted|p2a: Brute Bonnet
|-damage|p2a: Brute Bonnet|261/309
|
|t:|1776970180
|switch|p1a: Lurantis|Lurantis, L87, M|264/264|[from] Volt Switch
|move|p2a: Brute Bonnet|Spore|p1a: Lurantis
|-immune|p1a: Lurantis
|
|-heal|p2a: Brute Bonnet|280/309|[from] item: Leftovers
|upkeep
|turn|2
|
|t:|1776970220
|move|p2a: Brute Bonnet|Close Combat|p1a: Lurantis
|-damage|p1a: Lurantis|172/264
|-unboost|p2a: Brute Bonnet|def|1
|-unboost|p2a: Brute Bonnet|spd|1
|move|p1a: Lurantis|Leech Life|p2a: Brute Bonnet
|-supereffective|p2a: Brute Bonnet
|-damage|p2a: Brute Bonnet|0 fnt
|-heal|p1a: Lurantis|264/264|[from] drain|[of] p2a: Brute Bonnet
|faint|p2a: Brute Bonnet
|-end|p2a: Brute Bonnet|Protosynthesis|[silent]
|
|upkeep
|
|t:|1776970236
|switch|p2a: Mamoswine|Mamoswine, L81, M|311/311
|turn|3
|
|t:|1776970251
|move|p2a: Mamoswine|Icicle Crash|p1a: Lurantis
|-supereffective|p1a: Lurantis
|-damage|p1a: Lurantis|0 fnt
|faint|p1a: Lurantis
|-damage|p2a: Mamoswine|280/311|[from] item: Life Orb
|
|upkeep
|
|t:|1776970274
|switch|p1a: Drednaw|Drednaw, L81, M|278/278
|turn|4
|
|t:|1776970279
|move|p2a: Mamoswine|Earthquake|p1a: Drednaw
|-supereffective|p1a: Drednaw
|-damage|p1a: Drednaw|0 fnt
|faint|p1a: Drednaw
|-damage|p2a: Mamoswine|249/311|[from] item: Life Orb
|
|upkeep
|
|t:|1776970290
|switch|p1a: Tropius|Tropius, L91, M|328/328
|turn|5
|
|t:|1776970301
|move|p1a: Tropius|Protect|p1a: Tropius
|-singleturn|p1a: Tropius|Protect
|move|p2a: Mamoswine|Icicle Crash|p1a: Tropius
|-activate|p1a: Tropius|move: Protect
|
|upkeep
|turn|6
|
|t:|1776970318
|switch|p1a: Magnezone|Magnezone, L85|258/258
|move|p2a: Mamoswine|Icicle Crash|p1a: Magnezone
|-resisted|p1a: Magnezone
|-damage|p1a: Magnezone|205/258
|-damage|p2a: Mamoswine|218/311|[from] item: Life Orb
|
|upkeep
|turn|7
|
|t:|1776970329
|move|p2a: Mamoswine|Earthquake|p1a: Magnezone
|-supereffective|p1a: Magnezone
|-damage|p1a: Magnezone|0 fnt
|faint|p1a: Magnezone
|-damage|p2a: Mamoswine|187/311|[from] item: Life Orb
|
|upkeep
|
|t:|1776970334
|switch|p1a: Suicune|Suicune, L82|298/298
|-ability|p1a: Suicune|Pressure
|turn|8
|
|t:|1776970347
|switch|p2a: Koraidon|Koraidon, L64|235/235
|-weather|SunnyDay|[from] ability: Orichalcum Pulse|[of] p2a: Koraidon
|-activate|p2a: Koraidon|Orichalcum Pulse|[source]
|move|p1a: Suicune|Scald|p2a: Koraidon
|-resisted|p2a: Koraidon
|-damage|p2a: Koraidon|212/235
|
|-weather|SunnyDay|[upkeep]
|upkeep
|turn|9
|
|t:|1776970371
|switch|p1a: Pincurchin|Pincurchin, F|258/258
|-fieldstart|move: Electric Terrain|[from] ability: Electric Surge|[of] p1a: Pincurchin
|move|p2a: Koraidon|Outrage|p1a: Pincurchin
|-damage|p1a: Pincurchin|116/258
|
|-weather|SunnyDay|[upkeep]
|-heal|p1a: Pincurchin|132/258|[from] item: Leftovers
|upkeep
|turn|10
|
|t:|1776970384
|move|p2a: Koraidon|Outrage|p1a: Pincurchin|[from] lockedmove
|-damage|p1a: Pincurchin|0 fnt
|faint|p1a: Pincurchin
|-start|p2a: Koraidon|confusion|[fatigue]
|
|-weather|SunnyDay|[upkeep]
|upkeep
|
|t:|1776970388
|switch|p1a: Suicune|Suicune, L82|298/298
|-ability|p1a: Suicune|Pressure
|turn|11
|
|t:|1776970403
|-activate|p2a: Koraidon|confusion
|move|p2a: Koraidon|Outrage|p1a: Suicune
|-damage|p1a: Suicune|145/298
|move|p1a: Suicune|Scald|p2a: Koraidon
|-resisted|p2a: Koraidon
|-damage|p2a: Koraidon|190/235
|-status|p2a: Koraidon|brn
|
|-weather|SunnyDay|[upkeep]
|-heal|p1a: Suicune|163/298|[from] item: Leftovers
|-damage|p2a: Koraidon|176/235 brn|[from] brn
|upkeep
|turn|12
|
|t:|1776970417
|-end|p2a: Koraidon|confusion
|move|p2a: Koraidon|Outrage|p1a: Suicune|[from] lockedmove
|-damage|p1a: Suicune|79/298
|move|p1a: Suicune|Rest||[still]
|-activate|p1a: Suicune|move: Electric Terrain
|-fail|p1a: Suicune
|
|-weather|none
|-heal|p1a: Suicune|97/298|[from] item: Leftovers
|-damage|p2a: Koraidon|162/235 brn|[from] brn
|upkeep
|turn|13
|
|t:|1776970442
|move|p2a: Koraidon|Outrage|p1a: Suicune|[from] lockedmove
|-damage|p1a: Suicune|34/298
|-start|p2a: Koraidon|confusion|[fatigue]
|move|p1a: Suicune|Rest||[still]
|-activate|p1a: Suicune|move: Electric Terrain
|-fail|p1a: Suicune
|
|-heal|p1a: Suicune|52/298|[from] item: Leftovers
|-damage|p2a: Koraidon|148/235 brn|[from] brn
|-fieldend|move: Electric Terrain
|upkeep
|turn|14
|j| nick_joys
|
|t:|1776970453
|-activate|p2a: Koraidon|confusion
|move|p2a: Koraidon|Outrage|p1a: Suicune
|-damage|p1a: Suicune|0 fnt
|faint|p1a: Suicune
|
|-damage|p2a: Koraidon|134/235 brn|[from] brn
|upkeep
|
|t:|1776970459
|switch|p1a: Tropius|Tropius, L91, M|328/328
|turn|15
|
|t:|1776970463
|-activate|p2a: Koraidon|confusion
|move|p2a: Koraidon|Outrage|p1a: Tropius|[from] lockedmove
|-damage|p1a: Tropius|254/328
|move|p1a: Tropius|Leech Seed|p2a: Koraidon
|-start|p2a: Koraidon|move: Leech Seed
|
|-damage|p2a: Koraidon|105/235 brn|[from] Leech Seed|[of] p1a: Tropius
|-heal|p1a: Tropius|283/328|[silent]
|-damage|p2a: Koraidon|91/235 brn|[from] brn
|upkeep
|turn|16
|
|t:|1776970480
|switch|p2a: Mamoswine|Mamoswine, L81, M|187/311
|move|p1a: Tropius|Air Slash|p2a: Mamoswine
|-damage|p2a: Mamoswine|91/311
|
|upkeep
|turn|17
|
|t:|1776970496
|move|p2a: Mamoswine|Ice Shard|p1a: Tropius
|-supereffective|p1a: Tropius
|-damage|p1a: Tropius|28/328
|-enditem|p1a: Tropius|Sitrus Berry|[eat]
|-heal|p1a: Tropius|110/328|[from] item: Sitrus Berry
|-damage|p2a: Mamoswine|60/311|[from] item: Life Orb
|move|p1a: Tropius|Leech Seed|p2a: Mamoswine
|-start|p2a: Mamoswine|move: Leech Seed
|
|-damage|p2a: Mamoswine|22/311|[from] Leech Seed|[of] p1a: Tropius
|-heal|p1a: Tropius|148/328|[silent]
|-item|p1a: Tropius|Sitrus Berry|[from] ability: Harvest
|upkeep
|-enditem|p1a: Tropius|Sitrus Berry|[eat]
|-heal|p1a: Tropius|230/328|[from] item: Sitrus Berry
|turn|18
|
|t:|1776970509
|move|p1a: Tropius|Protect|p1a: Tropius
|-singleturn|p1a: Tropius|Protect
|move|p2a: Mamoswine|Ice Shard|p1a: Tropius
|-activate|p1a: Tropius|move: Protect
|
|-damage|p2a: Mamoswine|0 fnt|[from] Leech Seed|[of] p1a: Tropius
|-heal|p1a: Tropius|252/328|[silent]
|faint|p2a: Mamoswine
|-item|p1a: Tropius|Sitrus Berry|[from] ability: Harvest
|upkeep
|
|t:|1776970529
|switch|p2a: Vigoroth|Vigoroth, L85, M|275/275
|turn|19
|
|t:|1776970532
|move|p2a: Vigoroth|Bulk Up|p2a: Vigoroth
|-boost|p2a: Vigoroth|atk|1
|-boost|p2a: Vigoroth|def|1
|move|p1a: Tropius|Leech Seed|p2a: Vigoroth
|-start|p2a: Vigoroth|move: Leech Seed
|
|-damage|p2a: Vigoroth|241/275|[from] Leech Seed|[of] p1a: Tropius
|-heal|p1a: Tropius|286/328|[silent]
|upkeep
|turn|20
|
|t:|1776970544
|move|p2a: Vigoroth|Bulk Up|p2a: Vigoroth
|-boost|p2a: Vigoroth|atk|1
|-boost|p2a: Vigoroth|def|1
|move|p1a: Tropius|Substitute|p1a: Tropius
|-start|p1a: Tropius|Substitute
|-damage|p1a: Tropius|204/328
|
|-damage|p2a: Vigoroth|207/275|[from] Leech Seed|[of] p1a: Tropius
|-heal|p1a: Tropius|238/328|[silent]
|upkeep
|turn|21
|
|t:|1776970557
|move|p2a: Vigoroth|Knock Off|p1a: Tropius
|-end|p1a: Tropius|Substitute
|move|p1a: Tropius|Air Slash|p2a: Vigoroth
|-damage|p2a: Vigoroth|132/275
|
|-damage|p2a: Vigoroth|98/275|[from] Leech Seed|[of] p1a: Tropius
|-heal|p1a: Tropius|272/328|[silent]
|upkeep
|turn|22
|
|t:|1776970565
|move|p1a: Tropius|Protect|p1a: Tropius
|-singleturn|p1a: Tropius|Protect
|move|p2a: Vigoroth|Body Slam|p1a: Tropius
|-activate|p1a: Tropius|move: Protect
|
|-damage|p2a: Vigoroth|64/275|[from] Leech Seed|[of] p1a: Tropius
|-heal|p1a: Tropius|306/328|[silent]
|upkeep
|turn|23
|
|t:|1776970577
|move|p2a: Vigoroth|Body Slam|p1a: Tropius
|-damage|p1a: Tropius|147/328
|-status|p1a: Tropius|par
|-enditem|p1a: Tropius|Sitrus Berry|[eat]
|-heal|p1a: Tropius|229/328 par|[from] item: Sitrus Berry
|move|p1a: Tropius|Substitute|p1a: Tropius
|-start|p1a: Tropius|Substitute
|-damage|p1a: Tropius|147/328 par
|
|-damage|p2a: Vigoroth|30/275|[from] Leech Seed|[of] p1a: Tropius
|-heal|p1a: Tropius|181/328 par|[silent]
|upkeep
|turn|24
|
|t:|1776970588
|move|p2a: Vigoroth|Knock Off|p1a: Tropius
|-end|p1a: Tropius|Substitute
|move|p1a: Tropius|Air Slash|p2a: Vigoroth
|-damage|p2a: Vigoroth|0 fnt
|faint|p2a: Vigoroth
|
|-item|p1a: Tropius|Sitrus Berry|[from] ability: Harvest
|upkeep
|
|t:|1776970599
|switch|p2a: Koraidon|Koraidon, L64|91/235 brn
|-weather|SunnyDay|[from] ability: Orichalcum Pulse|[of] p2a: Koraidon
|-activate|p2a: Koraidon|Orichalcum Pulse|[source]
|turn|25
|
|t:|1776970607
|move|p2a: Koraidon|Flare Blitz|p1a: Tropius
|-supereffective|p1a: Tropius
|-damage|p1a: Tropius|8/328 par
|-enditem|p1a: Tropius|Sitrus Berry|[eat]
|-heal|p1a: Tropius|90/328 par|[from] item: Sitrus Berry
|-damage|p2a: Koraidon|34/235 brn|[from] Recoil
|move|p1a: Tropius|Air Slash|p2a: Koraidon
|-supereffective|p2a: Koraidon
|-damage|p2a: Koraidon|0 fnt
|faint|p2a: Koraidon
|
|-weather|SunnyDay|[upkeep]
|-item|p1a: Tropius|Sitrus Berry|[from] ability: Harvest
|upkeep
|-enditem|p1a: Tropius|Sitrus Berry|[eat]
|-heal|p1a: Tropius|172/328 par|[from] item: Sitrus Berry
|
|t:|1776970614
|switch|p2a: Tsareena|Tsareena, L87, F|267/267
|turn|26
|
|t:|1776970623
|move|p2a: Tsareena|Rapid Spin|p1a: Tropius
|-damage|p1a: Tropius|130/328 par
|-boost|p2a: Tsareena|spe|1
|move|p1a: Tropius|Leech Seed|p2a: Tsareena
|-immune|p2a: Tsareena
|
|-weather|SunnyDay|[upkeep]
|-item|p1a: Tropius|Sitrus Berry|[from] ability: Harvest
|upkeep
|-enditem|p1a: Tropius|Sitrus Berry|[eat]
|-heal|p1a: Tropius|212/328 par|[from] item: Sitrus Berry
|turn|27
|
|t:|1776970637
|switch|p2a: Luvdisc|Luvdisc, M|247/247
|move|p1a: Tropius|Air Slash|p2a: Luvdisc
|-damage|p2a: Luvdisc|175/247
|
|-weather|SunnyDay|[upkeep]
|-item|p1a: Tropius|Sitrus Berry|[from] ability: Harvest
|upkeep
|turn|28
|
|t:|1776970650
|-terastallize|p2a: Luvdisc|Ghost
|move|p2a: Luvdisc|Substitute|p2a: Luvdisc
|-start|p2a: Luvdisc|Substitute
|-damage|p2a: Luvdisc|114/247
|move|p1a: Tropius|Leech Seed||[still]
|-fail|p1a: Tropius
|
|-weather|SunnyDay|[upkeep]
|upkeep
|turn|29
|
|t:|1776970659
|move|p2a: Luvdisc|Endeavor|p1a: Tropius
|-damage|p1a: Tropius|114/328 par
|-enditem|p1a: Tropius|Sitrus Berry|[eat]
|-heal|p1a: Tropius|196/328 par|[from] item: Sitrus Berry
|move|p1a: Tropius|Substitute|p1a: Tropius
|-start|p1a: Tropius|Substitute
|-damage|p1a: Tropius|114/328 par
|
|-weather|none
|upkeep
|turn|30
|
|t:|1776970671
|move|p2a: Luvdisc|Surf|p1a: Tropius
|-resisted|p1a: Tropius
|-activate|p1a: Tropius|move: Substitute|[damage]
|move|p1a: Tropius|Air Slash|p2a: Luvdisc
|-end|p2a: Luvdisc|Substitute
|
|-item|p1a: Tropius|Sitrus Berry|[from] ability: Harvest
|upkeep
|-enditem|p1a: Tropius|Sitrus Berry|[eat]
|-heal|p1a: Tropius|196/328 par|[from] item: Sitrus Berry
|turn|31
|
|t:|1776970685
|move|p2a: Luvdisc|Surf|p1a: Tropius
|-resisted|p1a: Tropius
|-activate|p1a: Tropius|move: Substitute|[damage]
|move|p1a: Tropius|Leech Seed|p2a: Luvdisc
|-start|p2a: Luvdisc|move: Leech Seed
|
|-damage|p2a: Luvdisc|84/247|[from] Leech Seed|[of] p1a: Tropius
|-heal|p1a: Tropius|226/328 par|[silent]
|-item|p1a: Tropius|Sitrus Berry|[from] ability: Harvest
|upkeep
|turn|32
|
|t:|1776970696
|move|p2a: Luvdisc|Endeavor|p1a: Tropius
|-end|p1a: Tropius|Substitute
|move|p1a: Tropius|Air Slash|p2a: Luvdisc
|-damage|p2a: Luvdisc|9/247
|
|-damage|p2a: Luvdisc|0 fnt|[from] Leech Seed|[of] p1a: Tropius
|-heal|p1a: Tropius|235/328 par|[silent]
|faint|p2a: Luvdisc
|upkeep
|
|t:|1776970702
|switch|p2a: Tsareena|Tsareena, L87, F|267/267
|turn|33
|
|t:|1776970709
|move|p2a: Tsareena|Rapid Spin|p1a: Tropius
|-damage|p1a: Tropius|192/328 par
|-boost|p2a: Tsareena|spe|1
|move|p1a: Tropius|Air Slash|p2a: Tsareena
|-supereffective|p2a: Tsareena
|-damage|p2a: Tsareena|123/267
|
|upkeep
|turn|34
|
|t:|1776970715
|move|p2a: Tsareena|Synthesis|p2a: Tsareena
|-heal|p2a: Tsareena|256/267
|move|p1a: Tropius|Air Slash|p2a: Tsareena
|-supereffective|p2a: Tsareena
|-damage|p2a: Tsareena|110/267
|
|upkeep
|turn|35
|
|t:|1776970722
|move|p2a: Tsareena|High Jump Kick|p1a: Tropius
|-resisted|p1a: Tropius
|-damage|p1a: Tropius|139/328 par
|-enditem|p1a: Tropius|Sitrus Berry|[eat]
|-heal|p1a: Tropius|221/328 par|[from] item: Sitrus Berry
|cant|p1a: Tropius|par
|
|-item|p1a: Tropius|Sitrus Berry|[from] ability: Harvest
|upkeep
|turn|36
|
|t:|1776970732
|move|p2a: Tsareena|Rapid Spin|p1a: Tropius
|-damage|p1a: Tropius|181/328 par
|-boost|p2a: Tsareena|spe|1
|cant|p1a: Tropius|par
|
|upkeep
|turn|37
|
|t:|1776970737
|move|p2a: Tsareena|Rapid Spin|p1a: Tropius
|-damage|p1a: Tropius|134/328 par
|-boost|p2a: Tsareena|spe|1
|-enditem|p1a: Tropius|Sitrus Berry|[eat]
|-heal|p1a: Tropius|216/328 par|[from] item: Sitrus Berry
|cant|p1a: Tropius|par
|
|upkeep
|turn|38
|
|t:|1776970744
|move|p2a: Tsareena|Rapid Spin|p1a: Tropius
|-damage|p1a: Tropius|169/328 par
|-boost|p2a: Tsareena|spe|1
|move|p1a: Tropius|Substitute|p1a: Tropius
|-start|p1a: Tropius|Substitute
|-damage|p1a: Tropius|87/328 par
|
|-item|p1a: Tropius|Sitrus Berry|[from] ability: Harvest
|upkeep
|-enditem|p1a: Tropius|Sitrus Berry|[eat]
|-heal|p1a: Tropius|169/328 par|[from] item: Sitrus Berry
|turn|39
|
|t:|1776970756
|move|p2a: Tsareena|Rapid Spin|p1a: Tropius
|-activate|p1a: Tropius|move: Substitute|[damage]
|-boost|p2a: Tsareena|spe|1
|move|p1a: Tropius|Air Slash|p2a: Tsareena
|-supereffective|p2a: Tsareena
|-damage|p2a: Tsareena|0 fnt
|faint|p2a: Tsareena
|
|win|Charlie_ciou
|raw|Charlie_ciou's rating: 1067 &rarr; <strong>1098</strong><br />(+31 for winning)
|raw|arth)0910's rating: 1081 &rarr; <strong>1058</strong><br />(-23 for losing)
|l|☆arth)0910
|player|p2|
|l| nick_joys
