|j|☆i like orangez
|j|☆willyamss
|t:|1776983460
|gametype|singles
|player|p1|i like orangez|roxie|1130
|player|p2|willyamss|170|1180
|gen|9
|tier|[Gen 9] Random Battle
|rated|
|rule|Species Clause: Limit one of each Pokémon
|rule|HP Percentage Mod: HP is shown in percentages
|rule|Sleep Clause Mod: Limit one foe put to sleep
|rule|Illusion Level Mod: Illusion disguises the Pokémon's true level
|
|t:|1776983460
|teamsize|p1|6
|teamsize|p2|6
|start
|switch|p1a: Dragalge|Dragalge, L88, F|258/258
|switch|p2a: Dewgong|Dewgong, L94, M|322/322
|turn|1
|
|t:|1776983474
|move|p2a: Dewgong|Ice Beam|p1a: Dragalge
|-supereffective|p1a: Dragalge
|-damage|p1a: Dragalge|112/258
|move|p1a: Dragalge|Focus Blast|p2a: Dewgong
|-supereffective|p2a: Dewgong
|-damage|p2a: Dewgong|222/322
|
|-heal|p1a: Dragalge|128/258|[from] item: Leftovers
|upkeep
|turn|2
|
|t:|1776983496
|move|p2a: Dewgong|Ice Beam|p1a: Dragalge
|-supereffective|p1a: Dragalge
|-damage|p1a: Dragalge|0 fnt
|faint|p1a: Dragalge
|
|upkeep
|
|t:|1776983504
|switch|p1a: Iron Bundle|Iron Bundle, L78|215/215
|turn|3
|
|t:|1776983517
|move|p1a: Iron Bundle|Encore|p2a: Dewgong
|-start|p2a: Dewgong|Encore
|move|p2a: Dewgong|Ice Beam|p1a: Iron Bundle
|-resisted|p1a: Iron Bundle
|-damage|p1a: Iron Bundle|185/215
|
|upkeep
|turn|4
|
|t:|1776983564
|switch|p2a: Jirachi|Jirachi, L80|291/291
|move|p1a: Iron Bundle|Freeze-Dry|p2a: Jirachi
|-resisted|p2a: Jirachi
|-crit|p2a: Jirachi
|-damage|p2a: Jirachi|237/291
|
|-heal|p2a: Jirachi|255/291|[from] item: Leftovers
|upkeep
|turn|5
|
|t:|1776983583
|move|p1a: Iron Bundle|Hydro Pump|p2a: Jirachi
|-damage|p2a: Jirachi|143/291
|move|p2a: Jirachi|Iron Head|p1a: Iron Bundle
|-damage|p1a: Iron Bundle|112/215
|
|-heal|p2a: Jirachi|161/291|[from] item: Leftovers
|upkeep
|turn|6
|
|t:|1776983603
|move|p1a: Iron Bundle|Hydro Pump|p2a: Jirachi
|-crit|p2a: Jirachi
|-damage|p2a: Jirachi|0 fnt
|faint|p2a: Jirachi
|
|upkeep
|
|t:|1776983617
|switch|p2a: Slowking|Slowking-Galar, L85, M|300/300
|turn|7
|
|t:|1776983631
|move|p1a: Iron Bundle|Ice Beam|p2a: Slowking
|-damage|p2a: Slowking|210/300
|move|p2a: Slowking|Sludge Bomb|p1a: Iron Bundle
|-damage|p1a: Iron Bundle|0 fnt
|faint|p1a: Iron Bundle
|-end|p1a: Iron Bundle|Quark Drive|[silent]
|
|upkeep
|
|t:|1776983636
|switch|p1a: Luvdisc|Luvdisc, F|247/247
|turn|8
|
|t:|1776983651
|move|p1a: Luvdisc|Substitute|p1a: Luvdisc
|-start|p1a: Luvdisc|Substitute
|-damage|p1a: Luvdisc|186/247
|move|p2a: Slowking|Psyshock|p1a: Luvdisc
|-end|p1a: Luvdisc|Substitute
|
|upkeep
|turn|9
|
|t:|1776983661
|move|p1a: Luvdisc|Surf|p2a: Slowking
|-crit|p2a: Slowking
|-damage|p2a: Slowking|126/300
|move|p2a: Slowking|Psyshock|p1a: Luvdisc
|-crit|p1a: Luvdisc
|-damage|p1a: Luvdisc|14/247
|
|upkeep
|turn|10
|
|t:|1776983694
|switch|p2a: Dewgong|Dewgong, L94, M|222/322
|move|p1a: Luvdisc|Flip Turn|p2a: Dewgong
|-resisted|p2a: Dewgong
|-damage|p2a: Dewgong|202/322
|
|t:|1776983700
|switch|p1a: Flamigo|Flamigo, L82, M|269/269|[from] Flip Turn
|
|upkeep
|turn|11
|
|t:|1776983741
|switch|p2a: Porygon2|Porygon2, L81|270/270
|-ability|p2a: Porygon2|Download|boost
|-boost|p2a: Porygon2|spa|1
|move|p1a: Flamigo|Close Combat|p2a: Porygon2
|-supereffective|p2a: Porygon2
|-damage|p2a: Porygon2|0 fnt
|-unboost|p1a: Flamigo|def|1
|-unboost|p1a: Flamigo|spd|1
|faint|p2a: Porygon2
|
|upkeep
|
|t:|1776983759
|switch|p2a: Squawkabilly|Squawkabilly-Blue, L85, F|278/278
|turn|12
|
|t:|1776983771
|move|p2a: Squawkabilly|Brave Bird|p1a: Flamigo
|-supereffective|p1a: Flamigo
|-damage|p1a: Flamigo|0 fnt
|faint|p1a: Flamigo
|-damage|p2a: Squawkabilly|189/278|[from] Recoil
|
|-status|p2a: Squawkabilly|brn|[from] item: Flame Orb
|upkeep
|
|t:|1776983780
|switch|p1a: Porygon-Z|Porygon-Z, L83|277/277
|turn|13
|
|t:|1776983791
|move|p2a: Squawkabilly|Facade|p1a: Porygon-Z
|-damage|p1a: Porygon-Z|0 fnt
|faint|p1a: Porygon-Z
|
|-damage|p2a: Squawkabilly|172/278 brn|[from] brn
|upkeep
|
|t:|1776983793
|switch|p1a: Torterra|Torterra, L78, M|276/276
|turn|14
|
|t:|1776983805
|move|p2a: Squawkabilly|Brave Bird|p1a: Torterra
|-supereffective|p1a: Torterra
|-damage|p1a: Torterra|0 fnt
|faint|p1a: Torterra
|-damage|p2a: Squawkabilly|81/278 brn|[from] Recoil
|
|-damage|p2a: Squawkabilly|64/278 brn|[from] brn
|upkeep
|
|t:|1776983819
|switch|p1a: Luvdisc|Luvdisc, F|14/247
|turn|15
|
|t:|1776983826
|move|p2a: Squawkabilly|Quick Attack|p1a: Luvdisc
|-damage|p1a: Luvdisc|0 fnt
|faint|p1a: Luvdisc
|
|win|willyamss
|raw|i like orangez's rating: 1130 &rarr; <strong>1109</strong><br />(-21 for losing)
|raw|willyamss's rating: 1180 &rarr; <strong>1201</strong><br />(+21 for winning)
|l|☆i like orangez
|player|p1|
