|j|☆Igna_Lun
|j|☆timelordv123r1
|t:|1776975302
|gametype|singles
|player|p1|Igna_Lun|mira|1514
|player|p2|timelordv123r1|266|1482
|gen|9
|tier|[Gen 9] Random Battle
|rated|
|rule|Species Clause: Limit one of each Pokémon
|rule|HP Percentage Mod: HP is shown in percentages
|rule|Sleep Clause Mod: Limit one foe put to sleep
|rule|Illusion Level Mod: Illusion disguises the Pokémon's true level
|
|t:|1776975302
|teamsize|p1|6
|teamsize|p2|6
|start
|switch|p1a: Basculin|Basculin, L86, M|261/261
|switch|p2a: Hippowdon|Hippowdon, L82, F|311/311
|-weather|Sandstorm|[from] ability: Sand Stream|[of] p2a: Hippowdon
|turn|1
|inactive|Battle timer is ON: inactive players will automatically lose when time's up. (requested by timelordv123r1)
|
|t:|1776975318
|switch|p2a: Gholdengo|Gholdengo, L77|261/261
|move|p1a: Basculin|Wave Crash|p2a: Gholdengo
|-damage|p2a: Gholdengo|3/261
|-damage|p1a: Basculin|176/261|[from] Recoil
|
|-weather|Sandstorm|[upkeep]
|-damage|p1a: Basculin|160/261|[from] Sandstorm
|-heal|p2a: Gholdengo|19/261|[from] item: Leftovers
|upkeep
|turn|2
|
|t:|1776975328
|move|p1a: Basculin|Wave Crash|p2a: Gholdengo
|-damage|p2a: Gholdengo|0 fnt
|faint|p2a: Gholdengo
|-damage|p1a: Basculin|154/261|[from] Recoil
|
|-weather|Sandstorm|[upkeep]
|-damage|p1a: Basculin|138/261|[from] Sandstorm
|upkeep
|
|t:|1776975339
|switch|p2a: Jumpluff|Jumpluff, L87, M|271/271
|turn|3
|
|t:|1776975346
|switch|p1a: Galvantula|Galvantula, L82, M|249/249
|move|p2a: Jumpluff|Acrobatics|p1a: Galvantula
|-damage|p1a: Galvantula|132/249
|
|-weather|Sandstorm|[upkeep]
|-damage|p2a: Jumpluff|255/271|[from] Sandstorm
|-damage|p1a: Galvantula|117/249|[from] Sandstorm
|upkeep
|turn|4
|
|t:|1776975356
|move|p2a: Jumpluff|Acrobatics|p1a: Galvantula
|-damage|p1a: Galvantula|14/249
|move|p1a: Galvantula|Thunder|p2a: Jumpluff
|-damage|p2a: Jumpluff|150/271
|-status|p2a: Jumpluff|par
|
|-weather|Sandstorm|[upkeep]
|-damage|p1a: Galvantula|0 fnt|[from] Sandstorm
|-damage|p2a: Jumpluff|134/271 par|[from] Sandstorm
|faint|p1a: Galvantula
|upkeep
|
|t:|1776975374
|switch|p1a: Metagross|Metagross, L79|256/256
|turn|5
|
|t:|1776975381
|move|p1a: Metagross|Stealth Rock|p2a: Jumpluff
|-sidestart|p2: timelordv123r1|move: Stealth Rock
|move|p2a: Jumpluff|Strength Sap|p1a: Metagross
|-fail|p1a: Metagross|unboost|[from] ability: Clear Body|[of] p1a: Metagross
|-heal|p2a: Jumpluff|271/271 par
|
|-weather|none
|upkeep
|turn|6
|
|t:|1776975396
|move|p1a: Metagross|Heavy Slam|p2a: Jumpluff
|-damage|p2a: Jumpluff|118/271 par
|move|p2a: Jumpluff|U-turn|p1a: Metagross
|-damage|p1a: Metagross|226/256
|
|t:|1776975407
|switch|p2a: Hippowdon|Hippowdon, L82, F|311/311|[from] U-turn
|-damage|p2a: Hippowdon|292/311|[from] Stealth Rock
|-weather|Sandstorm|[from] ability: Sand Stream|[of] p2a: Hippowdon
|
|-weather|Sandstorm|[upkeep]
|-heal|p1a: Metagross|242/256|[from] item: Leftovers
|-heal|p2a: Hippowdon|311/311|[from] item: Leftovers
|upkeep
|turn|7
|
|t:|1776975417
|switch|p1a: Salamence|Salamence, L77, M|273/273
|move|p2a: Hippowdon|Earthquake|p1a: Salamence
|-immune|p1a: Salamence
|
|-weather|Sandstorm|[upkeep]
|-damage|p1a: Salamence|256/273|[from] Sandstorm
|upkeep
|turn|8
|
|t:|1776975429
|move|p1a: Salamence|Dragon Dance|p1a: Salamence
|-boost|p1a: Salamence|atk|1
|-boost|p1a: Salamence|spe|1
|move|p2a: Hippowdon|Stone Edge|p1a: Salamence
|-supereffective|p1a: Salamence
|-damage|p1a: Salamence|68/273
|
|-weather|Sandstorm|[upkeep]
|-damage|p1a: Salamence|51/273|[from] Sandstorm
|upkeep
|turn|9
|
|t:|1776975440
|move|p1a: Salamence|Dual Wingbeat|p2a: Hippowdon
|-damage|p2a: Hippowdon|250/311
|-damage|p2a: Hippowdon|193/311
|-hitcount|p2a: Hippowdon|2
|move|p2a: Hippowdon|Stone Edge|p1a: Salamence
|-supereffective|p1a: Salamence
|-damage|p1a: Salamence|0 fnt
|faint|p1a: Salamence
|
|-weather|Sandstorm|[upkeep]
|-heal|p2a: Hippowdon|212/311|[from] item: Leftovers
|upkeep
|
|t:|1776975451
|switch|p1a: Basculin|Basculin, L86, M|138/261
|turn|10
|
|t:|1776975459
|move|p1a: Basculin|Flip Turn|p2a: Hippowdon
|-supereffective|p2a: Hippowdon
|-damage|p2a: Hippowdon|8/311
|
|t:|1776975466
|switch|p1a: Veluza|Veluza, L85, F|292/292|[from] Flip Turn
|move|p2a: Hippowdon|Earthquake|p1a: Veluza
|-damage|p1a: Veluza|157/292
|
|-weather|none
|-heal|p2a: Hippowdon|27/311|[from] item: Leftovers
|upkeep
|turn|11
|
|t:|1776975480
|move|p1a: Veluza|Night Slash|p2a: Hippowdon
|-damage|p2a: Hippowdon|0 fnt
|faint|p2a: Hippowdon
|
|upkeep
|
|t:|1776975493
|switch|p2a: Deoxys|Deoxys-Attack, L72|191/191
|-damage|p2a: Deoxys|168/191|[from] Stealth Rock
|-ability|p2a: Deoxys|Pressure
|turn|12
|
|t:|1776975500
|-terastallize|p1a: Veluza|Dark
|move|p2a: Deoxys|Knock Off|p1a: Veluza
|-resisted|p1a: Veluza
|-damage|p1a: Veluza|99/292
|-enditem|p1a: Veluza|Choice Band|[from] move: Knock Off|[of] p2a: Deoxys
|-damage|p2a: Deoxys|149/191|[from] item: Life Orb
|move|p1a: Veluza|Night Slash|p2a: Deoxys
|-supereffective|p2a: Deoxys
|-damage|p2a: Deoxys|0 fnt
|faint|p2a: Deoxys
|
|upkeep
|
|t:|1776975518
|switch|p2a: Klawf|Klawf, L90, M|272/272
|-damage|p2a: Klawf|238/272|[from] Stealth Rock
|turn|13
|
|t:|1776975529
|move|p1a: Veluza|Aqua Jet|p2a: Klawf
|-supereffective|p2a: Klawf
|-damage|p2a: Klawf|172/272
|move|p2a: Klawf|Swords Dance|p2a: Klawf
|-boost|p2a: Klawf|atk|2
|
|upkeep
|turn|14
|
|t:|1776975538
|move|p2a: Klawf|Crabhammer|p1a: Veluza
|-damage|p1a: Veluza|0 fnt
|faint|p1a: Veluza
|
|upkeep
|
|t:|1776975543
|switch|p1a: Basculin|Basculin, L86, M|138/261
|turn|15
|
|t:|1776975549
|-terastallize|p2a: Klawf|Water
|move|p1a: Basculin|Wave Crash|p2a: Klawf
|-resisted|p2a: Klawf
|-crit|p2a: Klawf
|-damage|p2a: Klawf|39/272
|-damage|p1a: Basculin|94/261|[from] Recoil
|-ability|p2a: Klawf|Anger Shell|boost
|-boost|p2a: Klawf|atk|1
|-boost|p2a: Klawf|spa|1
|-boost|p2a: Klawf|spe|1
|-unboost|p2a: Klawf|def|1
|-unboost|p2a: Klawf|spd|1
|move|p2a: Klawf|Crabhammer|p1a: Basculin|[miss]
|-miss|p2a: Klawf|p1a: Basculin
|
|upkeep
|turn|16
|
|t:|1776975566
|move|p2a: Klawf|Crabhammer|p1a: Basculin|[miss]
|-miss|p2a: Klawf|p1a: Basculin
|move|p1a: Basculin|Wave Crash|p2a: Klawf
|-resisted|p2a: Klawf
|-damage|p2a: Klawf|0 fnt
|faint|p2a: Klawf
|-damage|p1a: Basculin|81/261|[from] Recoil
|
|upkeep
|
|t:|1776975577
|switch|p2a: Slaking|Slaking, L84, M|389/389
|-damage|p2a: Slaking|341/389|[from] Stealth Rock
|turn|17
|
|t:|1776975584
|move|p1a: Basculin|Wave Crash|p2a: Slaking
|-damage|p2a: Slaking|89/389
|-damage|p1a: Basculin|0 fnt|[from] Recoil
|faint|p1a: Basculin
|move|p2a: Slaking|Double-Edge|p1: Basculin|[notarget]
|-fail|p2a: Slaking
|
|upkeep
|-message|timelordv123r1 forfeited.
|
|win|Igna_Lun
|raw|Igna_Lun's rating: 1514 &rarr; <strong>1532</strong><br />(+18 for winning)
|raw|timelordv123r1's rating: 1482 &rarr; <strong>1464</strong><br />(-18 for losing)
|l|☆timelordv123r1
|player|p2|
