|j|☆fdbbvcbfgnvbcnfg
|j|☆DxAleko
|t:|1776976097
|gametype|singles
|player|p1|fdbbvcbfgnvbcnfg|169|1167
|player|p2|DxAleko|2|1155
|gen|9
|tier|[Gen 9] Random Battle
|rated|
|rule|Species Clause: Limit one of each Pokémon
|rule|HP Percentage Mod: HP is shown in percentages
|rule|Sleep Clause Mod: Limit one foe put to sleep
|rule|Illusion Level Mod: Illusion disguises the Pokémon's true level
|
|t:|1776976097
|teamsize|p1|6
|teamsize|p2|6
|start
|switch|p1a: Whiscash|Whiscash, L88, M|337/337
|switch|p2a: Gardevoir|Gardevoir, L83, M|249/249
|-ability|p2a: Gardevoir|Oblivious|Trace|[from] ability: Trace|[of] p1a: Whiscash
|turn|1
|
|t:|1776976111
|move|p2a: Gardevoir|Calm Mind|p2a: Gardevoir
|-boost|p2a: Gardevoir|spa|1
|-boost|p2a: Gardevoir|spd|1
|move|p1a: Whiscash|Stealth Rock|p2a: Gardevoir
|-sidestart|p2: DxAleko|move: Stealth Rock
|
|upkeep
|turn|2
|
|t:|1776976129
|move|p2a: Gardevoir|Moonblast|p1a: Whiscash
|-damage|p1a: Whiscash|91/337
|-damage|p2a: Gardevoir|225/249|[from] item: Life Orb
|move|p1a: Whiscash|Earthquake|p2a: Gardevoir
|-damage|p2a: Gardevoir|101/249
|
|-heal|p1a: Whiscash|112/337|[from] item: Leftovers
|upkeep
|turn|3
|
|t:|1776976142
|move|p2a: Gardevoir|Moonblast|p1a: Whiscash
|-damage|p1a: Whiscash|0 fnt
|faint|p1a: Whiscash
|-damage|p2a: Gardevoir|77/249|[from] item: Life Orb
|
|upkeep
|
|t:|1776976144
|switch|p1a: Espeon|Espeon, L84, M|246/246
|turn|4
|
|t:|1776976155
|switch|p2a: Mismagius|Mismagius, L86, F|243/243
|-damage|p2a: Mismagius|213/243|[from] Stealth Rock
|move|p1a: Espeon|Shadow Ball|p2a: Mismagius
|-supereffective|p2a: Mismagius
|-damage|p2a: Mismagius|65/243
|-damage|p1a: Espeon|222/246|[from] item: Life Orb
|
|-heal|p2a: Mismagius|80/243|[from] item: Leftovers
|upkeep
|turn|5
|
|t:|1776976168
|-terastallize|p2a: Mismagius|Fighting
|move|p1a: Espeon|Psyshock|p2a: Mismagius
|-supereffective|p2a: Mismagius
|-damage|p2a: Mismagius|0 fnt
|faint|p2a: Mismagius
|-damage|p1a: Espeon|198/246|[from] item: Life Orb
|
|upkeep
|
|t:|1776976180
|switch|p2a: Glastrier|Glastrier, L86|311/311
|-damage|p2a: Glastrier|234/311|[from] Stealth Rock
|turn|6
|
|t:|1776976193
|move|p1a: Espeon|Alluring Voice|p2a: Glastrier
|-damage|p2a: Glastrier|161/311
|-damage|p1a: Espeon|174/246|[from] item: Life Orb
|move|p2a: Glastrier|Heavy Slam|p1a: Espeon
|-damage|p1a: Espeon|0 fnt
|faint|p1a: Espeon
|-ability|p2a: Glastrier|Chilling Neigh|boost
|-boost|p2a: Glastrier|atk|1
|
|upkeep
|
|t:|1776976198
|switch|p1a: Hippowdon|Hippowdon, L82, M|311/311
|-weather|Sandstorm|[from] ability: Sand Stream|[of] p1a: Hippowdon
|turn|7
|
|t:|1776976211
|move|p1a: Hippowdon|Earthquake|p2a: Glastrier
|-damage|p2a: Glastrier|73/311
|move|p2a: Glastrier|Heavy Slam|p1a: Hippowdon
|-damage|p1a: Hippowdon|192/311
|
|-weather|Sandstorm|[upkeep]
|-damage|p2a: Glastrier|54/311|[from] Sandstorm
|-heal|p1a: Hippowdon|211/311|[from] item: Leftovers
|upkeep
|turn|8
|
|t:|1776976222
|switch|p2a: Salamence|Salamence, L77, F|273/273
|-ability|p2a: Salamence|Intimidate|boost
|-unboost|p1a: Hippowdon|atk|1
|move|p1a: Hippowdon|Earthquake|p2a: Salamence
|-immune|p2a: Salamence
|
|-weather|Sandstorm|[upkeep]
|-damage|p2a: Salamence|256/273|[from] Sandstorm
|-heal|p1a: Hippowdon|230/311|[from] item: Leftovers
|upkeep
|turn|9
|
|t:|1776976239
|move|p2a: Salamence|Dragon Dance|p2a: Salamence
|-boost|p2a: Salamence|atk|1
|-boost|p2a: Salamence|spe|1
|move|p1a: Hippowdon|Curse|p1a: Hippowdon
|-unboost|p1a: Hippowdon|spe|1
|-boost|p1a: Hippowdon|atk|1
|-boost|p1a: Hippowdon|def|1
|
|-weather|Sandstorm|[upkeep]
|-damage|p2a: Salamence|239/273|[from] Sandstorm
|-heal|p1a: Hippowdon|249/311|[from] item: Leftovers
|upkeep
|turn|10
|
|t:|1776976250
|move|p2a: Salamence|Earthquake|p1a: Hippowdon
|-damage|p1a: Hippowdon|188/311
|move|p1a: Hippowdon|Curse|p1a: Hippowdon
|-unboost|p1a: Hippowdon|spe|1
|-boost|p1a: Hippowdon|atk|1
|-boost|p1a: Hippowdon|def|1
|
|-weather|Sandstorm|[upkeep]
|-damage|p2a: Salamence|222/273|[from] Sandstorm
|-heal|p1a: Hippowdon|207/311|[from] item: Leftovers
|upkeep
|turn|11
|
|t:|1776976259
|move|p2a: Salamence|Dragon Dance|p2a: Salamence
|-boost|p2a: Salamence|atk|1
|-boost|p2a: Salamence|spe|1
|move|p1a: Hippowdon|Slack Off|p1a: Hippowdon
|-heal|p1a: Hippowdon|311/311
|
|-weather|none
|upkeep
|turn|12
|
|t:|1776976265
|move|p2a: Salamence|Dragon Dance|p2a: Salamence
|-boost|p2a: Salamence|atk|1
|-boost|p2a: Salamence|spe|1
|move|p1a: Hippowdon|Stone Edge|p2a: Salamence|[miss]
|-miss|p1a: Hippowdon|p2a: Salamence
|
|upkeep
|turn|13
|
|t:|1776976274
|move|p2a: Salamence|Earthquake|p1a: Hippowdon
|-damage|p1a: Hippowdon|232/311
|move|p1a: Hippowdon|Stone Edge|p2a: Salamence
|-supereffective|p2a: Salamence
|-damage|p2a: Salamence|0 fnt
|faint|p2a: Salamence
|
|-heal|p1a: Hippowdon|251/311|[from] item: Leftovers
|upkeep
|
|t:|1776976285
|switch|p2a: Lapras|Lapras, L87, M|367/367
|-damage|p2a: Lapras|276/367|[from] Stealth Rock
|turn|14
|
|t:|1776976298
|-terastallize|p1a: Hippowdon|Steel
|move|p2a: Lapras|Sparkling Aria|p1a: Hippowdon
|-damage|p1a: Hippowdon|94/311
|move|p1a: Hippowdon|Stone Edge|p2a: Lapras
|-supereffective|p2a: Lapras
|-damage|p2a: Lapras|60/367
|
|-heal|p1a: Hippowdon|113/311|[from] item: Leftovers
|upkeep
|turn|15
|
|t:|1776976308
|move|p2a: Lapras|Sparkling Aria|p1a: Hippowdon
|-damage|p1a: Hippowdon|0 fnt
|faint|p1a: Hippowdon
|
|upkeep
|
|t:|1776976309
|switch|p1a: Regieleki|Regieleki, L79|256/256
|turn|16
|
|t:|1776976315
|switch|p2a: Pincurchin|Pincurchin, M|258/258
|-damage|p2a: Pincurchin|226/258|[from] Stealth Rock
|-fieldstart|move: Electric Terrain|[from] ability: Electric Surge|[of] p2a: Pincurchin
|move|p1a: Regieleki|Thunderbolt|p2a: Pincurchin
|-resisted|p2a: Pincurchin
|-damage|p2a: Pincurchin|146/258
|
|-heal|p2a: Pincurchin|162/258|[from] item: Leftovers
|upkeep
|turn|17
|
|t:|1776976330
|move|p1a: Regieleki|Thunderbolt|p2a: Pincurchin
|-resisted|p2a: Pincurchin
|-damage|p2a: Pincurchin|87/258
|move|p2a: Pincurchin|Spikes|p1a: Regieleki
|-sidestart|p1: fdbbvcbfgnvbcnfg|Spikes
|
|-heal|p2a: Pincurchin|103/258|[from] item: Leftovers
|upkeep
|turn|18
|
|t:|1776976341
|move|p1a: Regieleki|Explosion|p2a: Pincurchin
|-damage|p2a: Pincurchin|0 fnt
|faint|p1a: Regieleki
|faint|p2a: Pincurchin
|
|upkeep
|
|t:|1776976349
|switch|p1a: Noctowl|Noctowl, L95, M|344/344
|switch|p2a: Gardevoir|Gardevoir, L83, M|77/249
|-damage|p2a: Gardevoir|46/249|[from] Stealth Rock
|-ability|p2a: Gardevoir|Tinted Lens|Trace|[from] ability: Trace|[of] p1a: Noctowl
|turn|19
|
|t:|1776976359
|move|p1a: Noctowl|Hyper Voice|p2a: Gardevoir
|-damage|p2a: Gardevoir|0 fnt
|faint|p2a: Gardevoir
|
|upkeep
|
|t:|1776976365
|switch|p2a: Glastrier|Glastrier, L86|54/311
|-damage|p2a: Glastrier|0 fnt|[from] Stealth Rock
|faint|p2a: Glastrier
|-message|DxAleko forfeited.
|
|win|fdbbvcbfgnvbcnfg
|raw|fdbbvcbfgnvbcnfg's rating: 1167 &rarr; <strong>1191</strong><br />(+24 for winning)
|raw|DxAleko's rating: 1155 &rarr; <strong>1131</strong><br />(-24 for losing)
|l|☆DxAleko
|player|p2|
