|j|☆mjnjdcn
|j|☆ed5r6ftugyij
|t:|1776974482
|gametype|singles
|player|p1|mjnjdcn|2|1000
|player|p2|ed5r6ftugyij|2|1000
|gen|9
|tier|[Gen 9] Random Battle
|rated|
|rule|Species Clause: Limit one of each Pokémon
|rule|HP Percentage Mod: HP is shown in percentages
|rule|Sleep Clause Mod: Limit one foe put to sleep
|rule|Illusion Level Mod: Illusion disguises the Pokémon's true level
|
|t:|1776974482
|teamsize|p1|6
|teamsize|p2|6
|start
|switch|p1a: Gumshoos|Gumshoos, L95, F|321/321
|switch|p2a: Salamence|Salamence, L77, F|273/273
|-ability|p2a: Salamence|Intimidate|boost
|-unboost|p1a: Gumshoos|atk|1
|turn|1
|inactive|Battle timer is ON: inactive players will automatically lose when time's up. (requested by ed5r6ftugyij)
|
|t:|1776974492
|switch|p1a: Feraligatr|Feraligatr, L79, F|264/264
|move|p2a: Salamence|Dragon Dance|p2a: Salamence
|-boost|p2a: Salamence|atk|1
|-boost|p2a: Salamence|spe|1
|
|upkeep
|turn|2
|
|t:|1776974503
|move|p2a: Salamence|Outrage|p1a: Feraligatr
|-damage|p1a: Feraligatr|51/264
|move|p1a: Feraligatr|Ice Punch|p2a: Salamence
|-supereffective|p2a: Salamence
|-damage|p2a: Salamence|0 fnt
|faint|p2a: Salamence
|
|upkeep
|
|t:|1776974512
|switch|p2a: Spidops|Spidops, L96, M|271/271
|turn|3
|
|t:|1776974539
|switch|p1a: Arbok|Arbok, L87, F|246/246
|-ability|p1a: Arbok|Intimidate|boost
|-unboost|p2a: Spidops|atk|1
|move|p2a: Spidops|Sticky Web|p1a: Arbok
|-sidestart|p1: mjnjdcn|move: Sticky Web
|
|upkeep
|turn|4
|
|t:|1776974548
|move|p1a: Arbok|Gunk Shot|p2a: Spidops|[miss]
|-miss|p1a: Arbok|p2a: Spidops
|move|p2a: Spidops|Knock Off|p1a: Arbok
|-damage|p1a: Arbok|184/246
|-enditem|p1a: Arbok|Leftovers|[from] move: Knock Off|[of] p2a: Spidops
|
|upkeep
|turn|5
|
|t:|1776974555
|move|p1a: Arbok|Gunk Shot|p2a: Spidops
|-crit|p2a: Spidops
|-damage|p2a: Spidops|90/271
|move|p2a: Spidops|Spikes|p1a: Arbok
|-sidestart|p1: mjnjdcn|Spikes
|
|upkeep
|turn|6
|
|t:|1776974562
|move|p1a: Arbok|Gunk Shot|p2a: Spidops
|-damage|p2a: Spidops|0 fnt
|faint|p2a: Spidops
|
|upkeep
|
|t:|1776974581
|switch|p2a: Malamar|Malamar, L82, M|275/275
|turn|7
|
|t:|1776974589
|switch|p1a: Gumshoos|Gumshoos, L95, F|321/321
|-activate|p1a: Gumshoos|move: Sticky Web
|-unboost|p1a: Gumshoos|spe|1
|-damage|p1a: Gumshoos|281/321|[from] Spikes
|move|p2a: Malamar|Superpower|p1a: Gumshoos
|-supereffective|p1a: Gumshoos
|-damage|p1a: Gumshoos|113/321
|-boost|p2a: Malamar|atk|1
|-boost|p2a: Malamar|def|1
|
|upkeep
|turn|8
|inactive|mjnjdcn has 120 seconds left.
|
|t:|1776974624
|move|p2a: Malamar|Superpower|p1a: Gumshoos
|-supereffective|p1a: Gumshoos
|-damage|p1a: Gumshoos|0 fnt
|-boost|p2a: Malamar|atk|1
|-boost|p2a: Malamar|def|1
|faint|p1a: Gumshoos
|
|upkeep
|
|t:|1776974634
|switch|p1a: Amoonguss|Amoonguss, L82, M|321/321
|-activate|p1a: Amoonguss|move: Sticky Web
|-unboost|p1a: Amoonguss|spe|1
|-damage|p1a: Amoonguss|281/321|[from] Spikes
|turn|9
|
|t:|1776974641
|move|p2a: Malamar|Psycho Cut|p1a: Amoonguss
|-supereffective|p1a: Amoonguss
|-damage|p1a: Amoonguss|0 fnt
|faint|p1a: Amoonguss
|
|upkeep
|
|t:|1776974663
|switch|p1a: Lilligant|Lilligant-Hisui, L79, F|240/240
|-activate|p1a: Lilligant|move: Sticky Web
|-unboost|p1a: Lilligant|spe|1
|-damage|p1a: Lilligant|210/240|[from] Spikes
|turn|10
|
|t:|1776974670
|move|p2a: Malamar|Psycho Cut|p1a: Lilligant
|-supereffective|p1a: Lilligant
|-damage|p1a: Lilligant|0 fnt
|faint|p1a: Lilligant
|
|upkeep
|
|t:|1776974680
|switch|p1a: Luvdisc|Luvdisc, M|247/247
|turn|11
|
|t:|1776974697
|-terastallize|p1a: Luvdisc|Ground
|move|p1a: Luvdisc|Endeavor|p2a: Malamar
|-damage|p2a: Malamar|247/275
|move|p2a: Malamar|Superpower|p1a: Luvdisc
|-damage|p1a: Luvdisc|82/247
|-boost|p2a: Malamar|atk|1
|-boost|p2a: Malamar|def|1
|
|upkeep
|turn|12
|
|t:|1776974707
|move|p1a: Luvdisc|Surf|p2a: Malamar
|-damage|p2a: Malamar|168/275
|move|p2a: Malamar|Knock Off|p1a: Luvdisc
|-damage|p1a: Luvdisc|0 fnt
|-enditem|p1a: Luvdisc|Heavy-Duty Boots|[from] move: Knock Off|[of] p2a: Malamar
|faint|p1a: Luvdisc
|
|upkeep
|l|☆mjnjdcn
|inactive|mjnjdcn disconnected and has a minute to reconnect!
|player|p1|
|inactive|mjnjdcn has 30 seconds to reconnect!
|inactive|mjnjdcn has 20 seconds to reconnect!
|inactive|mjnjdcn has 15 seconds to reconnect!
|inactive|mjnjdcn has 10 seconds to reconnect!
|inactive|mjnjdcn has 5 seconds to reconnect!
|-message|mjnjdcn lost due to inactivity.
|
|win|ed5r6ftugyij
|raw|mjnjdcn's rating: 1000 &rarr; <strong>1000</strong><br />(+0 for losing)
|raw|ed5r6ftugyij's rating: 1000 &rarr; <strong>1040</strong><br />(+40 for winning)
|l|☆ed5r6ftugyij
|player|p2|
