|j|‽Sunnytzu04isaloser
|j|☆aeonseye
|inactive|Battle timer is ON: inactive players will automatically lose when time's up.
|t:|1776971876
|gametype|singles
|player|p1|Sunnytzu04isaloser|266|
|player|p2|aeonseye|cynthia|
|gen|9
|tier|[Gen 9] Random Battle
|rated|Tournament battle
|rule|Species Clause: Limit one of each Pokémon
|rule|HP Percentage Mod: HP is shown in percentages
|rule|Sleep Clause Mod: Limit one foe put to sleep
|rule|Illusion Level Mod: Illusion disguises the Pokémon's true level
|
|t:|1776971876
|teamsize|p1|6
|teamsize|p2|6
|start
|switch|p1a: Crabominable|Crabominable, L90, F|321/321
|switch|p2a: Sceptile|Sceptile, L87, F|264/264
|turn|1
|j| vortexaxolotl
|
|t:|1776971894
|move|p2a: Sceptile|Focus Blast|p1a: Crabominable
|-supereffective|p1a: Crabominable
|-damage|p1a: Crabominable|121/321
|-damage|p2a: Sceptile|238/264|[from] item: Life Orb
|move|p1a: Crabominable|Ice Hammer|p2a: Sceptile
|-supereffective|p2a: Sceptile
|-crit|p2a: Sceptile
|-damage|p2a: Sceptile|0 fnt
|-unboost|p1a: Crabominable|spe|1
|faint|p2a: Sceptile
|
|upkeep
|
|t:|1776971903
|switch|p2a: Uxie|Uxie, L83|260/260
|turn|2
|j| Izion
|
|t:|1776971914
|move|p2a: Uxie|Stealth Rock|p1a: Crabominable
|-sidestart|p1: Sunnytzu04isaloser|move: Stealth Rock
|move|p1a: Crabominable|Knock Off|p2a: Uxie
|-supereffective|p2a: Uxie
|-damage|p2a: Uxie|100/260
|-enditem|p2a: Uxie|Leftovers|[from] move: Knock Off|[of] p1a: Crabominable
|
|upkeep
|turn|3
|
|t:|1776971920
|move|p2a: Uxie|Psychic Noise|p1a: Crabominable
|-supereffective|p1a: Crabominable
|-damage|p1a: Crabominable|29/321
|-start|p1a: Crabominable|move: Heal Block
|move|p1a: Crabominable|Ice Hammer|p2a: Uxie
|-damage|p2a: Uxie|0 fnt
|-unboost|p1a: Crabominable|spe|1
|faint|p2a: Uxie
|
|upkeep
|
|t:|1776971933
|switch|p2a: Rampardos|Rampardos, L90, M|321/321
|turn|4
|inactive|Sunnytzu04isaloser has 120 seconds left.
|
|t:|1776971966
|move|p2a: Rampardos|Fire Punch|p1a: Crabominable
|-supereffective|p1a: Crabominable
|-damage|p1a: Crabominable|0 fnt
|faint|p1a: Crabominable
|
|upkeep
|inactive|Sunnytzu04isaloser has 120 seconds left.
|
|t:|1776971985
|switch|p1a: Basculegion|Basculegion-F, L83, F|335/335
|-damage|p1a: Basculegion|294/335|[from] Stealth Rock
|turn|5
|
|t:|1776971995
|switch|p2a: Floatzel|Floatzel, L86, M|286/286
|move|p1a: Basculegion|Hydro Pump|p2a: Floatzel
|-resisted|p2a: Floatzel
|-damage|p2a: Floatzel|118/286
|
|upkeep
|turn|6
|
|t:|1776972002
|move|p2a: Floatzel|Crunch|p1a: Basculegion
|-supereffective|p1a: Basculegion
|-damage|p1a: Basculegion|76/335
|move|p1a: Basculegion|Hydro Pump|p2a: Floatzel
|-resisted|p2a: Floatzel
|-damage|p2a: Floatzel|0 fnt
|faint|p2a: Floatzel
|
|upkeep
|
|t:|1776972007
|switch|p2a: Baxcalibur|Baxcalibur, L75, F|295/295
|turn|7
|
|t:|1776972016
|move|p1a: Basculegion|Hydro Pump|p2a: Baxcalibur
|-resisted|p2a: Baxcalibur
|-damage|p2a: Baxcalibur|162/295
|move|p2a: Baxcalibur|Glaive Rush|p1a: Basculegion
|-damage|p1a: Basculegion|0 fnt
|-singlemove|p2a: Baxcalibur|Glaive Rush|[silent]
|faint|p1a: Basculegion
|
|upkeep
|
|t:|1776972021
|switch|p1a: Klefki|Klefki, L84, M|233/233
|-damage|p1a: Klefki|219/233|[from] Stealth Rock
|turn|8
|
|t:|1776972030
|switch|p2a: Hippowdon|Hippowdon, L82, M|311/311
|-weather|Sandstorm|[from] ability: Sand Stream|[of] p2a: Hippowdon
|move|p1a: Klefki|Spikes|p2a: Hippowdon
|-sidestart|p2: aeonseye|Spikes
|
|-weather|Sandstorm|[upkeep]
|-heal|p1a: Klefki|233/233|[from] item: Leftovers
|upkeep
|turn|9
|inactive|Sunnytzu04isaloser has 120 seconds left.
|
|t:|1776972065
|switch|p1a: Hippowdon|Hippowdon, L82, M|311/311
|-damage|p1a: Hippowdon|292/311|[from] Stealth Rock
|move|p2a: Hippowdon|Curse|p2a: Hippowdon
|-unboost|p2a: Hippowdon|spe|1
|-boost|p2a: Hippowdon|atk|1
|-boost|p2a: Hippowdon|def|1
|
|-weather|Sandstorm|[upkeep]
|-heal|p1a: Hippowdon|311/311|[from] item: Leftovers
|upkeep
|turn|10
|
|t:|1776972070
|move|p1a: Hippowdon|Curse|p1a: Hippowdon
|-unboost|p1a: Hippowdon|spe|1
|-boost|p1a: Hippowdon|atk|1
|-boost|p1a: Hippowdon|def|1
|move|p2a: Hippowdon|Earthquake|p1a: Hippowdon
|-damage|p1a: Hippowdon|215/311
|
|-weather|Sandstorm|[upkeep]
|-heal|p1a: Hippowdon|234/311|[from] item: Leftovers
|upkeep
|turn|11
|
|t:|1776972074
|move|p1a: Hippowdon|Curse|p1a: Hippowdon
|-unboost|p1a: Hippowdon|spe|1
|-boost|p1a: Hippowdon|atk|1
|-boost|p1a: Hippowdon|def|1
|move|p2a: Hippowdon|Earthquake|p1a: Hippowdon
|-damage|p1a: Hippowdon|170/311
|
|-weather|Sandstorm|[upkeep]
|-heal|p1a: Hippowdon|189/311|[from] item: Leftovers
|upkeep
|turn|12
|
|t:|1776972078
|move|p2a: Hippowdon|Curse|p2a: Hippowdon
|-unboost|p2a: Hippowdon|spe|1
|-boost|p2a: Hippowdon|atk|1
|-boost|p2a: Hippowdon|def|1
|move|p1a: Hippowdon|Earthquake|p2a: Hippowdon
|-damage|p2a: Hippowdon|224/311
|
|-weather|none
|-heal|p1a: Hippowdon|208/311|[from] item: Leftovers
|-heal|p2a: Hippowdon|243/311|[from] item: Leftovers
|upkeep
|turn|13
|
|t:|1776972085
|move|p1a: Hippowdon|Curse|p1a: Hippowdon
|-unboost|p1a: Hippowdon|spe|1
|-boost|p1a: Hippowdon|atk|1
|-boost|p1a: Hippowdon|def|1
|move|p2a: Hippowdon|Curse|p2a: Hippowdon
|-unboost|p2a: Hippowdon|spe|1
|-boost|p2a: Hippowdon|atk|1
|-boost|p2a: Hippowdon|def|1
|
|-heal|p2a: Hippowdon|262/311|[from] item: Leftovers
|-heal|p1a: Hippowdon|227/311|[from] item: Leftovers
|upkeep
|turn|14
|
|t:|1776972088
|move|p1a: Hippowdon|Curse|p1a: Hippowdon
|-unboost|p1a: Hippowdon|spe|1
|-boost|p1a: Hippowdon|atk|1
|-boost|p1a: Hippowdon|def|1
|move|p2a: Hippowdon|Curse|p2a: Hippowdon
|-unboost|p2a: Hippowdon|spe|1
|-boost|p2a: Hippowdon|atk|1
|-boost|p2a: Hippowdon|def|1
|
|-heal|p2a: Hippowdon|281/311|[from] item: Leftovers
|-heal|p1a: Hippowdon|246/311|[from] item: Leftovers
|upkeep
|turn|15
|
|t:|1776972089
|move|p2a: Hippowdon|Curse|p2a: Hippowdon
|-unboost|p2a: Hippowdon|spe|1
|-boost|p2a: Hippowdon|atk|1
|-boost|p2a: Hippowdon|def|1
|move|p1a: Hippowdon|Curse|p1a: Hippowdon
|-unboost|p1a: Hippowdon|spe|1
|-boost|p1a: Hippowdon|atk|1
|-boost|p1a: Hippowdon|def|1
|
|-heal|p1a: Hippowdon|265/311|[from] item: Leftovers
|-heal|p2a: Hippowdon|300/311|[from] item: Leftovers
|upkeep
|turn|16
|
|t:|1776972092
|move|p2a: Hippowdon|Curse|p2a: Hippowdon
|-unboost|p2a: Hippowdon|spe|1
|-boost|p2a: Hippowdon|atk|1
|-boost|p2a: Hippowdon|def|1
|move|p1a: Hippowdon|Curse|p1a: Hippowdon
|-unboost|p1a: Hippowdon|spe|1
|-boost|p1a: Hippowdon|atk|1
|-boost|p1a: Hippowdon|def|1
|
|-heal|p1a: Hippowdon|284/311|[from] item: Leftovers
|-heal|p2a: Hippowdon|311/311|[from] item: Leftovers
|upkeep
|turn|17
|
|t:|1776972097
|move|p2a: Hippowdon|Earthquake|p1a: Hippowdon
|-damage|p1a: Hippowdon|194/311
|move|p1a: Hippowdon|Earthquake|p2a: Hippowdon
|-damage|p2a: Hippowdon|223/311
|
|-heal|p1a: Hippowdon|213/311|[from] item: Leftovers
|-heal|p2a: Hippowdon|242/311|[from] item: Leftovers
|upkeep
|turn|18
|
|t:|1776972099
|move|p1a: Hippowdon|Earthquake|p2a: Hippowdon
|-damage|p2a: Hippowdon|143/311
|move|p2a: Hippowdon|Earthquake|p1a: Hippowdon
|-damage|p1a: Hippowdon|123/311
|
|-heal|p1a: Hippowdon|142/311|[from] item: Leftovers
|-heal|p2a: Hippowdon|162/311|[from] item: Leftovers
|upkeep
|turn|19
|
|t:|1776972102
|move|p1a: Hippowdon|Earthquake|p2a: Hippowdon
|-damage|p2a: Hippowdon|69/311
|move|p2a: Hippowdon|Slack Off|p2a: Hippowdon
|-heal|p2a: Hippowdon|225/311
|
|-heal|p2a: Hippowdon|244/311|[from] item: Leftovers
|-heal|p1a: Hippowdon|161/311|[from] item: Leftovers
|upkeep
|turn|20
|
|t:|1776972105
|move|p1a: Hippowdon|Earthquake|p2a: Hippowdon
|-damage|p2a: Hippowdon|153/311
|move|p2a: Hippowdon|Earthquake|p1a: Hippowdon
|-damage|p1a: Hippowdon|67/311
|
|-heal|p1a: Hippowdon|86/311|[from] item: Leftovers
|-heal|p2a: Hippowdon|172/311|[from] item: Leftovers
|upkeep
|turn|21
|
|t:|1776972113
|move|p1a: Hippowdon|Slack Off|p1a: Hippowdon
|-heal|p1a: Hippowdon|242/311
|move|p2a: Hippowdon|Slack Off|p2a: Hippowdon
|-heal|p2a: Hippowdon|311/311
|
|-heal|p1a: Hippowdon|261/311|[from] item: Leftovers
|upkeep
|turn|22
|
|t:|1776972116
|move|p1a: Hippowdon|Earthquake|p2a: Hippowdon
|-damage|p2a: Hippowdon|221/311
|move|p2a: Hippowdon|Earthquake|p1a: Hippowdon
|-damage|p1a: Hippowdon|176/311
|
|-heal|p2a: Hippowdon|240/311|[from] item: Leftovers
|-heal|p1a: Hippowdon|195/311|[from] item: Leftovers
|upkeep
|turn|23
|
|t:|1776972119
|move|p1a: Hippowdon|Earthquake|p2a: Hippowdon
|-damage|p2a: Hippowdon|147/311
|move|p2a: Hippowdon|Earthquake|p1a: Hippowdon
|-damage|p1a: Hippowdon|108/311
|
|-heal|p1a: Hippowdon|127/311|[from] item: Leftovers
|-heal|p2a: Hippowdon|166/311|[from] item: Leftovers
|upkeep
|turn|24
|
|t:|1776972128
|move|p1a: Hippowdon|Earthquake|p2a: Hippowdon
|-damage|p2a: Hippowdon|67/311
|move|p2a: Hippowdon|Slack Off|p2a: Hippowdon
|-heal|p2a: Hippowdon|223/311
|
|-heal|p2a: Hippowdon|242/311|[from] item: Leftovers
|-heal|p1a: Hippowdon|146/311|[from] item: Leftovers
|upkeep
|turn|25
|
|t:|1776972132
|move|p1a: Hippowdon|Slack Off|p1a: Hippowdon
|-heal|p1a: Hippowdon|302/311
|move|p2a: Hippowdon|Earthquake|p1a: Hippowdon
|-damage|p1a: Hippowdon|211/311
|
|-heal|p1a: Hippowdon|230/311|[from] item: Leftovers
|-heal|p2a: Hippowdon|261/311|[from] item: Leftovers
|upkeep
|turn|26
|
|t:|1776972135
|move|p1a: Hippowdon|Earthquake|p2a: Hippowdon
|-damage|p2a: Hippowdon|168/311
|move|p2a: Hippowdon|Stone Edge|p1a: Hippowdon
|-resisted|p1a: Hippowdon
|-crit|p1a: Hippowdon
|-damage|p1a: Hippowdon|60/311
|
|-heal|p1a: Hippowdon|79/311|[from] item: Leftovers
|-heal|p2a: Hippowdon|187/311|[from] item: Leftovers
|upkeep
|turn|27
|
|t:|1776972142
|move|p2a: Hippowdon|Stone Edge|p1a: Hippowdon
|-resisted|p1a: Hippowdon
|-damage|p1a: Hippowdon|49/311
|move|p1a: Hippowdon|Slack Off|p1a: Hippowdon
|-heal|p1a: Hippowdon|205/311
|
|-heal|p2a: Hippowdon|206/311|[from] item: Leftovers
|-heal|p1a: Hippowdon|224/311|[from] item: Leftovers
|upkeep
|turn|28
|
|t:|1776972146
|move|p1a: Hippowdon|Earthquake|p2a: Hippowdon
|-damage|p2a: Hippowdon|112/311
|move|p2a: Hippowdon|Stone Edge|p1a: Hippowdon
|-resisted|p1a: Hippowdon
|-crit|p1a: Hippowdon
|-damage|p1a: Hippowdon|36/311
|
|-heal|p1a: Hippowdon|55/311|[from] item: Leftovers
|-heal|p2a: Hippowdon|131/311|[from] item: Leftovers
|upkeep
|turn|29
|
|t:|1776972150
|move|p1a: Hippowdon|Slack Off|p1a: Hippowdon
|-heal|p1a: Hippowdon|211/311
|move|p2a: Hippowdon|Earthquake|p1a: Hippowdon
|-damage|p1a: Hippowdon|123/311
|
|-heal|p1a: Hippowdon|142/311|[from] item: Leftovers
|-heal|p2a: Hippowdon|150/311|[from] item: Leftovers
|upkeep
|turn|30
|
|t:|1776972159
|move|p1a: Hippowdon|Earthquake|p2a: Hippowdon
|-damage|p2a: Hippowdon|54/311
|move|p2a: Hippowdon|Slack Off|p2a: Hippowdon
|-heal|p2a: Hippowdon|210/311
|
|-heal|p1a: Hippowdon|161/311|[from] item: Leftovers
|-heal|p2a: Hippowdon|229/311|[from] item: Leftovers
|upkeep
|turn|31
|
|t:|1776972164
|move|p1a: Hippowdon|Earthquake|p2a: Hippowdon
|-damage|p2a: Hippowdon|142/311
|move|p2a: Hippowdon|Stone Edge|p1a: Hippowdon
|-resisted|p1a: Hippowdon
|-damage|p1a: Hippowdon|129/311
|
|-heal|p2a: Hippowdon|161/311|[from] item: Leftovers
|-heal|p1a: Hippowdon|148/311|[from] item: Leftovers
|upkeep
|turn|32
|
|t:|1776972171
|move|p1a: Hippowdon|Slack Off|p1a: Hippowdon
|-heal|p1a: Hippowdon|304/311
|move|p2a: Hippowdon|Slack Off|p2a: Hippowdon
|-heal|p2a: Hippowdon|311/311
|
|-heal|p1a: Hippowdon|311/311|[from] item: Leftovers
|upkeep
|turn|33
|
|t:|1776972175
|move|p2a: Hippowdon|Stone Edge|p1a: Hippowdon
|-resisted|p1a: Hippowdon
|-damage|p1a: Hippowdon|280/311
|move|p1a: Hippowdon|Stone Edge|p2a: Hippowdon|[miss]
|-miss|p1a: Hippowdon|p2a: Hippowdon
|
|-heal|p1a: Hippowdon|299/311|[from] item: Leftovers
|upkeep
|turn|34
|
|t:|1776972179
|move|p1a: Hippowdon|Stone Edge|p2a: Hippowdon
|-resisted|p2a: Hippowdon
|-damage|p2a: Hippowdon|279/311
|move|p2a: Hippowdon|Stone Edge|p1a: Hippowdon
|-resisted|p1a: Hippowdon
|-crit|p1a: Hippowdon
|-damage|p1a: Hippowdon|107/311
|
|-heal|p2a: Hippowdon|298/311|[from] item: Leftovers
|-heal|p1a: Hippowdon|126/311|[from] item: Leftovers
|upkeep
|turn|35
|
|t:|1776972183
|move|p2a: Hippowdon|Earthquake|p1a: Hippowdon
|-damage|p1a: Hippowdon|30/311
|move|p1a: Hippowdon|Slack Off|p1a: Hippowdon
|-heal|p1a: Hippowdon|186/311
|
|-heal|p1a: Hippowdon|205/311|[from] item: Leftovers
|-heal|p2a: Hippowdon|311/311|[from] item: Leftovers
|upkeep
|turn|36
|
|t:|1776972188
|move|p2a: Hippowdon|Earthquake|p1a: Hippowdon
|-damage|p1a: Hippowdon|115/311
|move|p1a: Hippowdon|Stone Edge|p2a: Hippowdon
|-resisted|p2a: Hippowdon
|-damage|p2a: Hippowdon|282/311
|
|-heal|p2a: Hippowdon|301/311|[from] item: Leftovers
|-heal|p1a: Hippowdon|134/311|[from] item: Leftovers
|upkeep
|turn|37
|
|t:|1776972195
|move|p2a: Hippowdon|Earthquake|p1a: Hippowdon
|-damage|p1a: Hippowdon|41/311
|move|p1a: Hippowdon|Slack Off|p1a: Hippowdon
|-heal|p1a: Hippowdon|197/311
|
|-heal|p2a: Hippowdon|311/311|[from] item: Leftovers
|-heal|p1a: Hippowdon|216/311|[from] item: Leftovers
|upkeep
|turn|38
|c| vortexaxolotl|this is going on for a bit
|
|t:|1776972201
|move|p1a: Hippowdon|Earthquake|p2a: Hippowdon
|-damage|p2a: Hippowdon|226/311
|move|p2a: Hippowdon|Stone Edge|p1a: Hippowdon
|-resisted|p1a: Hippowdon
|-damage|p1a: Hippowdon|185/311
|
|-heal|p2a: Hippowdon|245/311|[from] item: Leftovers
|-heal|p1a: Hippowdon|204/311|[from] item: Leftovers
|upkeep
|turn|39
|c|☆aeonseye|Yeeeaaahhhh
|
|t:|1776972206
|move|p2a: Hippowdon|Stone Edge|p1a: Hippowdon
|-resisted|p1a: Hippowdon
|-damage|p1a: Hippowdon|172/311
|move|p1a: Hippowdon|Earthquake|p2a: Hippowdon
|-damage|p2a: Hippowdon|157/311
|
|-heal|p1a: Hippowdon|191/311|[from] item: Leftovers
|-heal|p2a: Hippowdon|176/311|[from] item: Leftovers
|upkeep
|turn|40
|
|t:|1776972212
|move|p2a: Hippowdon|Earthquake|p1a: Hippowdon
|-damage|p1a: Hippowdon|98/311
|move|p1a: Hippowdon|Stone Edge|p2a: Hippowdon
|-resisted|p2a: Hippowdon
|-damage|p2a: Hippowdon|143/311
|
|-heal|p2a: Hippowdon|162/311|[from] item: Leftovers
|-heal|p1a: Hippowdon|117/311|[from] item: Leftovers
|upkeep
|turn|41
|
|t:|1776972218
|move|p1a: Hippowdon|Slack Off|p1a: Hippowdon
|-heal|p1a: Hippowdon|273/311
|move|p2a: Hippowdon|Earthquake|p1a: Hippowdon
|-damage|p1a: Hippowdon|177/311
|
|-heal|p1a: Hippowdon|196/311|[from] item: Leftovers
|-heal|p2a: Hippowdon|181/311|[from] item: Leftovers
|upkeep
|turn|42
|
|t:|1776972223
|move|p1a: Hippowdon|Earthquake|p2a: Hippowdon
|-damage|p2a: Hippowdon|88/311
|move|p2a: Hippowdon|Earthquake|p1a: Hippowdon
|-damage|p1a: Hippowdon|106/311
|
|-heal|p1a: Hippowdon|125/311|[from] item: Leftovers
|-heal|p2a: Hippowdon|107/311|[from] item: Leftovers
|upkeep
|turn|43
|
|t:|1776972226
|move|p2a: Hippowdon|Slack Off|p2a: Hippowdon
|-heal|p2a: Hippowdon|263/311
|move|p1a: Hippowdon|Earthquake|p2a: Hippowdon
|-damage|p2a: Hippowdon|163/311
|
|-heal|p2a: Hippowdon|182/311|[from] item: Leftovers
|-heal|p1a: Hippowdon|144/311|[from] item: Leftovers
|upkeep
|turn|44
|
|t:|1776972229
|move|p1a: Hippowdon|Stone Edge|p2a: Hippowdon|[miss]
|-miss|p1a: Hippowdon|p2a: Hippowdon
|move|p2a: Hippowdon|Slack Off|p2a: Hippowdon
|-heal|p2a: Hippowdon|311/311
|
|-heal|p1a: Hippowdon|163/311|[from] item: Leftovers
|upkeep
|turn|45
|
|t:|1776972235
|move|p1a: Hippowdon|Stone Edge|p2a: Hippowdon
|-resisted|p2a: Hippowdon
|-damage|p2a: Hippowdon|282/311
|move|p2a: Hippowdon|Curse|p2a: Hippowdon
|
|-heal|p2a: Hippowdon|301/311|[from] item: Leftovers
|-heal|p1a: Hippowdon|182/311|[from] item: Leftovers
|upkeep
|turn|46
|
|t:|1776972254
|move|p2a: Hippowdon|Curse|p2a: Hippowdon
|move|p1a: Hippowdon|Curse|p1a: Hippowdon
|
|-heal|p1a: Hippowdon|201/311|[from] item: Leftovers
|-heal|p2a: Hippowdon|311/311|[from] item: Leftovers
|upkeep
|turn|47
|
|t:|1776972261
|move|p1a: Hippowdon|Curse|p1a: Hippowdon
|move|p2a: Hippowdon|Curse|p2a: Hippowdon
|
|-heal|p1a: Hippowdon|220/311|[from] item: Leftovers
|upkeep
|turn|48
|
|t:|1776972264
|move|p2a: Hippowdon|Curse|p2a: Hippowdon
|move|p1a: Hippowdon|Curse|p1a: Hippowdon
|
|-heal|p1a: Hippowdon|239/311|[from] item: Leftovers
|upkeep
|turn|49
|
|t:|1776972277
|switch|p2a: Baxcalibur|Baxcalibur, L75, F|162/295
|-damage|p2a: Baxcalibur|126/295|[from] Spikes
|move|p1a: Hippowdon|Curse|p1a: Hippowdon
|
|-heal|p1a: Hippowdon|258/311|[from] item: Leftovers
|upkeep
|turn|50
|
|t:|1776972281
|move|p2a: Baxcalibur|Icicle Crash|p1a: Hippowdon
|-supereffective|p1a: Hippowdon
|-damage|p1a: Hippowdon|192/311
|move|p1a: Hippowdon|Stone Edge|p2a: Baxcalibur|[miss]
|-miss|p1a: Hippowdon|p2a: Baxcalibur
|
|-heal|p1a: Hippowdon|211/311|[from] item: Leftovers
|upkeep
|turn|51
|
|t:|1776972286
|move|p2a: Baxcalibur|Icicle Crash|p1a: Hippowdon
|-supereffective|p1a: Hippowdon
|-damage|p1a: Hippowdon|145/311
|move|p1a: Hippowdon|Stone Edge|p2a: Baxcalibur
|-supereffective|p2a: Baxcalibur
|-damage|p2a: Baxcalibur|0 fnt
|faint|p2a: Baxcalibur
|
|-heal|p1a: Hippowdon|164/311|[from] item: Leftovers
|upkeep
|
|t:|1776972289
|switch|p2a: Rampardos|Rampardos, L90, M|321/321
|-damage|p2a: Rampardos|281/321|[from] Spikes
|turn|52
|c| vortexaxolotl|I thought one of the hippos died for a sec
|
|t:|1776972303
|move|p2a: Rampardos|Zen Headbutt|p1a: Hippowdon
|-damage|p1a: Hippowdon|126/311
|move|p1a: Hippowdon|Curse|p1a: Hippowdon
|
|-heal|p1a: Hippowdon|145/311|[from] item: Leftovers
|upkeep
|turn|53
|
|t:|1776972328
|move|p2a: Rampardos|Fire Punch|p1a: Hippowdon
|-damage|p1a: Hippowdon|114/311
|move|p1a: Hippowdon|Curse|p1a: Hippowdon
|
|-heal|p1a: Hippowdon|133/311|[from] item: Leftovers
|upkeep
|turn|54
|
|t:|1776972333
|move|p2a: Rampardos|Fire Punch|p1a: Hippowdon
|-damage|p1a: Hippowdon|99/311
|move|p1a: Hippowdon|Curse|p1a: Hippowdon
|
|-heal|p1a: Hippowdon|118/311|[from] item: Leftovers
|upkeep
|turn|55
|
|t:|1776972336
|move|p2a: Rampardos|Rock Slide|p1a: Hippowdon
|-resisted|p1a: Hippowdon
|-damage|p1a: Hippowdon|93/311
|move|p1a: Hippowdon|Curse|p1a: Hippowdon
|
|-heal|p1a: Hippowdon|112/311|[from] item: Leftovers
|upkeep
|turn|56
|
|t:|1776972339
|move|p2a: Rampardos|Fire Punch|p1a: Hippowdon
|-damage|p1a: Hippowdon|80/311
|move|p1a: Hippowdon|Curse|p1a: Hippowdon
|
|-heal|p1a: Hippowdon|99/311|[from] item: Leftovers
|upkeep
|turn|57
|
|t:|1776972344
|move|p2a: Rampardos|Fire Punch|p1a: Hippowdon
|-damage|p1a: Hippowdon|64/311
|move|p1a: Hippowdon|Curse|p1a: Hippowdon
|
|-heal|p1a: Hippowdon|83/311|[from] item: Leftovers
|upkeep
|turn|58
|
|t:|1776972347
|move|p2a: Rampardos|Rock Slide|p1a: Hippowdon
|-resisted|p1a: Hippowdon
|-damage|p1a: Hippowdon|60/311
|-activate|p1a: Hippowdon|move: Struggle
|move|p1a: Hippowdon|Struggle|p2a: Rampardos
|-damage|p2a: Rampardos|112/321
|-damage|p1a: Hippowdon|0 fnt|[from] recoil
|faint|p1a: Hippowdon
|
|upkeep
|c|☆aeonseye|Damn
|
|t:|1776972355
|switch|p1a: Electivire|Electivire, L84, F|263/263
|-damage|p1a: Electivire|231/263|[from] Stealth Rock
|turn|59
|c| vortexaxolotl|ONE DOWN
|
|t:|1776972365
|switch|p2a: Hippowdon|Hippowdon, L82, M|311/311
|-damage|p2a: Hippowdon|273/311|[from] Spikes
|-weather|Sandstorm|[from] ability: Sand Stream|[of] p2a: Hippowdon
|move|p1a: Electivire|Earthquake|p2a: Hippowdon
|-damage|p2a: Hippowdon|190/311
|-damage|p1a: Electivire|205/263|[from] item: Life Orb
|
|-weather|Sandstorm|[upkeep]
|-damage|p1a: Electivire|189/263|[from] Sandstorm
|-heal|p2a: Hippowdon|209/311|[from] item: Leftovers
|upkeep
|turn|60
|c| vortexaxolotl|only took, what 30-40 turns
|j| YourAverageWave
|
|t:|1776972383
|-terastallize|p1a: Electivire|Ground
|move|p1a: Electivire|Ice Punch|p2a: Hippowdon
|-supereffective|p2a: Hippowdon
|-damage|p2a: Hippowdon|79/311
|-damage|p1a: Electivire|163/263|[from] item: Life Orb
|move|p2a: Hippowdon|Curse|p2a: Hippowdon
|-unboost|p2a: Hippowdon|spe|1
|-boost|p2a: Hippowdon|atk|1
|-boost|p2a: Hippowdon|def|1
|
|-weather|Sandstorm|[upkeep]
|-heal|p2a: Hippowdon|98/311|[from] item: Leftovers
|upkeep
|turn|61
|
|t:|1776972389
|move|p1a: Electivire|Ice Punch|p2a: Hippowdon
|-supereffective|p2a: Hippowdon
|-damage|p2a: Hippowdon|0 fnt
|faint|p2a: Hippowdon
|-damage|p1a: Electivire|137/263|[from] item: Life Orb
|
|-weather|Sandstorm|[upkeep]
|upkeep
|
|t:|1776972392
|switch|p2a: Rampardos|Rampardos, L90, M|112/321
|-damage|p2a: Rampardos|72/321|[from] Spikes
|turn|62
|
|t:|1776972394
|move|p1a: Electivire|Earthquake|p2a: Rampardos
|-supereffective|p2a: Rampardos
|-damage|p2a: Rampardos|0 fnt
|faint|p2a: Rampardos
|-damage|p1a: Electivire|111/263|[from] item: Life Orb
|
|win|Sunnytzu04isaloser
|n|‽Sunnytzu04isaloser|sunnytzu04isaloser
|n|☆aeonseye|aeonseye
|n| vortexaxolotl|vortexaxolotl
|n| Izion|izion
|n| YourAverageWave|youraveragewave
