|j|☆Parachutemonkey
|j|☆willyamss
|t:|1776985301
|gametype|singles
|player|p1|Parachutemonkey|265|1154
|player|p2|willyamss|170|1170
|gen|9
|tier|[Gen 9] Random Battle
|rated|
|rule|Species Clause: Limit one of each Pokémon
|rule|HP Percentage Mod: HP is shown in percentages
|rule|Sleep Clause Mod: Limit one foe put to sleep
|rule|Illusion Level Mod: Illusion disguises the Pokémon's true level
|
|t:|1776985301
|teamsize|p1|6
|teamsize|p2|6
|start
|switch|p1a: Cramorant|Cramorant, L86, F|261/261
|switch|p2a: Gyarados|Gyarados, L79, M|280/280
|-ability|p2a: Gyarados|Intimidate|boost
|-unboost|p1a: Cramorant|atk|1
|turn|1
|inactive|Battle timer is ON: inactive players will automatically lose when time's up. (requested by Parachutemonkey)
|
|t:|1776985325
|move|p1a: Cramorant|Surf|p2a: Gyarados
|-formechange|p1a: Cramorant|Cramorant-Gulping|
|-resisted|p2a: Gyarados
|-crit|p2a: Gyarados
|-damage|p2a: Gyarados|211/280
|move|p2a: Gyarados|Dragon Dance|p2a: Gyarados
|-boost|p2a: Gyarados|atk|1
|-boost|p2a: Gyarados|spe|1
|
|upkeep
|turn|2
|
|t:|1776985344
|move|p2a: Gyarados|Waterfall|p1a: Cramorant
|-resisted|p1a: Cramorant
|-damage|p1a: Cramorant|167/261
|-damage|p2a: Gyarados|141/280|[from] ability: Gulp Missile|[of] p1a: Cramorant
|-unboost|p2a: Gyarados|def|1
|-formechange|p1a: Cramorant|Cramorant|
|cant|p1a: Cramorant|flinch
|
|upkeep
|turn|3
|
|t:|1776985354
|move|p2a: Gyarados|Waterfall|p1a: Cramorant
|-resisted|p1a: Cramorant
|-damage|p1a: Cramorant|71/261
|cant|p1a: Cramorant|flinch
|
|upkeep
|turn|4
|
|t:|1776985361
|move|p2a: Gyarados|Waterfall|p1a: Cramorant
|-resisted|p1a: Cramorant
|-damage|p1a: Cramorant|0 fnt
|faint|p1a: Cramorant
|
|upkeep
|
|t:|1776985379
|switch|p1a: Flapple|Flapple, L88, M|266/266
|turn|5
|
|t:|1776985390
|-terastallize|p1a: Flapple|Fire
|move|p2a: Gyarados|Temper Flare|p1a: Flapple
|-resisted|p1a: Flapple
|-damage|p1a: Flapple|219/266
|move|p1a: Flapple|Dragon Dance|p1a: Flapple
|-boost|p1a: Flapple|atk|1
|-boost|p1a: Flapple|spe|1
|
|upkeep
|turn|6
|
|t:|1776985402
|move|p2a: Gyarados|Earthquake|p1a: Flapple
|-supereffective|p1a: Flapple
|-damage|p1a: Flapple|0 fnt
|faint|p1a: Flapple
|
|upkeep
|
|t:|1776985415
|switch|p1a: Whiscash|Whiscash, L88, M|337/337
|turn|7
|inactive|willyamss has 120 seconds left.
|
|t:|1776985445
|move|p2a: Gyarados|Waterfall|p1a: Whiscash
|-damage|p1a: Whiscash|178/337
|move|p1a: Whiscash|Stealth Rock|p2a: Gyarados
|-sidestart|p2: willyamss|move: Stealth Rock
|
|-heal|p1a: Whiscash|199/337|[from] item: Leftovers
|upkeep
|turn|8
|
|t:|1776985460
|move|p2a: Gyarados|Waterfall|p1a: Whiscash
|-damage|p1a: Whiscash|58/337
|move|p1a: Whiscash|Ice Beam|p2a: Gyarados
|-damage|p2a: Gyarados|89/280
|
|-heal|p1a: Whiscash|79/337|[from] item: Leftovers
|upkeep
|turn|9
|
|t:|1776985468
|move|p2a: Gyarados|Waterfall|p1a: Whiscash
|-damage|p1a: Whiscash|0 fnt
|faint|p1a: Whiscash
|
|upkeep
|
|t:|1776985479
|switch|p1a: Raging Bolt|Raging Bolt, L78|323/323
|turn|10
|c|☆willyamss|te estoy dando ñema manin
|
|t:|1776985491
|move|p1a: Raging Bolt|Thunderclap|p2a: Gyarados
|-supereffective|p2a: Gyarados
|-damage|p2a: Gyarados|0 fnt
|faint|p2a: Gyarados
|
|upkeep
|
|t:|1776985503
|switch|p2a: Jolteon|Jolteon, L84, M|246/246
|-damage|p2a: Jolteon|216/246|[from] Stealth Rock
|turn|11
|inactive|willyamss has 120 seconds left.
|
|t:|1776985525
|move|p2a: Jolteon|Calm Mind|p2a: Jolteon
|-boost|p2a: Jolteon|spa|1
|-boost|p2a: Jolteon|spd|1
|move|p1a: Raging Bolt|Draco Meteor|p2a: Jolteon
|-damage|p2a: Jolteon|116/246
|-unboost|p1a: Raging Bolt|spa|2
|
|-heal|p2a: Jolteon|131/246|[from] item: Leftovers
|upkeep
|turn|12
|inactive|willyamss has 120 seconds left.
|
|t:|1776985545
|-end|p1a: Raging Bolt|Protosynthesis|[silent]
|switch|p1a: Klawf|Klawf, L90, F|272/272
|move|p2a: Jolteon|Substitute|p2a: Jolteon
|-start|p2a: Jolteon|Substitute
|-damage|p2a: Jolteon|70/246
|
|-heal|p2a: Jolteon|85/246|[from] item: Leftovers
|upkeep
|turn|13
|inactive|willyamss has 90 seconds left.
|
|t:|1776985577
|switch|p2a: Dewgong|Dewgong, L94, F|322/322
|-damage|p2a: Dewgong|242/322|[from] Stealth Rock
|move|p1a: Klawf|Crabhammer|p2a: Dewgong
|-resisted|p2a: Dewgong
|-damage|p2a: Dewgong|202/322
|
|upkeep
|turn|14
|inactive|willyamss has 90 seconds left.
|
|t:|1776985589
|move|p1a: Klawf|Stone Edge|p2a: Dewgong|[miss]
|-miss|p1a: Klawf|p2a: Dewgong
|move|p2a: Dewgong|Hydro Pump|p1a: Klawf|[miss]
|-miss|p2a: Dewgong|p1a: Klawf
|
|upkeep
|turn|15
|
|t:|1776985595
|move|p1a: Klawf|Stone Edge|p2a: Dewgong|[miss]
|-miss|p1a: Klawf|p2a: Dewgong
|move|p2a: Dewgong|Hydro Pump|p1a: Klawf
|-supereffective|p1a: Klawf
|-damage|p1a: Klawf|0 fnt
|faint|p1a: Klawf
|
|upkeep
|
|t:|1776985606
|switch|p1a: Gengar|Gengar, L81, F|230/230
|turn|16
|inactive|willyamss has 90 seconds left.
|
|t:|1776985629
|move|p1a: Gengar|Toxic Spikes|p2a: Dewgong
|-sidestart|p2: willyamss|move: Toxic Spikes
|move|p2a: Dewgong|Knock Off|p1a: Gengar
|-supereffective|p1a: Gengar
|-damage|p1a: Gengar|42/230
|-start|p2a: Dewgong|Disable|Knock Off|[from] ability: Cursed Body|[of] p1a: Gengar
|-enditem|p1a: Gengar|Life Orb|[from] move: Knock Off|[of] p2a: Dewgong
|
|upkeep
|turn|17
|inactive|willyamss has 90 seconds left.
|
|t:|1776985640
|move|p1a: Gengar|Toxic Spikes|p2a: Dewgong
|-sidestart|p2: willyamss|move: Toxic Spikes
|move|p2a: Dewgong|Ice Beam|p1a: Gengar
|-damage|p1a: Gengar|0 fnt
|faint|p1a: Gengar
|
|upkeep
|
|t:|1776985647
|switch|p1a: Raging Bolt|Raging Bolt, L78|323/323
|turn|18
|
|t:|1776985656
|move|p2a: Dewgong|Ice Beam|p1a: Raging Bolt
|-supereffective|p1a: Raging Bolt
|-damage|p1a: Raging Bolt|197/323
|move|p1a: Raging Bolt|Discharge|p2a: Dewgong
|-supereffective|p2a: Dewgong
|-damage|p2a: Dewgong|82/322
|-status|p2a: Dewgong|par
|
|upkeep
|turn|19
|
|t:|1776985666
|move|p1a: Raging Bolt|Discharge|p2a: Dewgong
|-supereffective|p2a: Dewgong
|-crit|p2a: Dewgong
|-damage|p2a: Dewgong|0 fnt
|faint|p2a: Dewgong
|
|upkeep
|
|t:|1776985680
|switch|p2a: Comfey|Comfey, L85, M|225/225
|-damage|p2a: Comfey|197/225|[from] Stealth Rock
|-status|p2a: Comfey|tox
|turn|20
|
|t:|1776985687
|move|p2a: Comfey|Draining Kiss|p1a: Raging Bolt
|-supereffective|p1a: Raging Bolt
|-damage|p1a: Raging Bolt|131/323
|-heal|p2a: Comfey|225/225 tox|[from] drain|[of] p1a: Raging Bolt
|move|p1a: Raging Bolt|Discharge|p2a: Comfey
|-damage|p2a: Comfey|137/225 tox
|
|-heal|p2a: Comfey|151/225 tox|[from] item: Leftovers
|-damage|p2a: Comfey|137/225 tox|[from] psn
|upkeep
|turn|21
|-message|Parachutemonkey forfeited.
|
|win|willyamss
|raw|Parachutemonkey's rating: 1154 &rarr; <strong>1130</strong><br />(-24 for losing)
|raw|willyamss's rating: 1170 &rarr; <strong>1194</strong><br />(+24 for winning)
|l|☆Parachutemonkey
|player|p1|
