|j|☆pureanarchy
|j|☆undercookeddog
|t:|1776972155
|gametype|singles
|player|p1|pureanarchy|266|1096
|player|p2|undercookeddog|n|1087
|gen|9
|tier|[Gen 9] Random Battle
|rated|
|rule|Species Clause: Limit one of each Pokémon
|rule|HP Percentage Mod: HP is shown in percentages
|rule|Sleep Clause Mod: Limit one foe put to sleep
|rule|Illusion Level Mod: Illusion disguises the Pokémon's true level
|
|t:|1776972155
|teamsize|p1|6
|teamsize|p2|6
|start
|switch|p1a: Pawmot|Pawmot, L80, M|243/243
|switch|p2a: Vikavolt|Vikavolt, L83, M|263/263
|turn|1
|
|t:|1776972181
|switch|p1a: Iron Moth|Iron Moth, L78|253/253
|move|p2a: Vikavolt|Sticky Web|p1a: Iron Moth
|-sidestart|p1: pureanarchy|move: Sticky Web
|
|upkeep
|turn|2
|inactive|Battle timer is ON: inactive players will automatically lose when time's up. (requested by pureanarchy)
|
|t:|1776972191
|-terastallize|p2a: Vikavolt|Electric
|move|p1a: Iron Moth|Fire Blast|p2a: Vikavolt
|-damage|p2a: Vikavolt|98/263
|move|p2a: Vikavolt|Thunderbolt|p1a: Iron Moth
|-damage|p1a: Iron Moth|85/253
|
|upkeep
|turn|3
|
|t:|1776972198
|move|p1a: Iron Moth|Sludge Wave|p2a: Vikavolt
|-damage|p2a: Vikavolt|0 fnt
|faint|p2a: Vikavolt
|
|upkeep
|
|t:|1776972210
|switch|p2a: Porygon-Z|Porygon-Z, L83|277/277
|turn|4
|
|t:|1776972219
|-end|p1a: Iron Moth|Quark Drive|[silent]
|switch|p1a: Araquanid|Araquanid, L82, F|246/246
|move|p2a: Porygon-Z|Shadow Ball|p1a: Araquanid
|-damage|p1a: Araquanid|196/246
|-unboost|p1a: Araquanid|spd|1
|
|upkeep
|turn|5
|
|t:|1776972223
|move|p2a: Porygon-Z|Shadow Ball|p1a: Araquanid
|-damage|p1a: Araquanid|110/246
|-unboost|p1a: Araquanid|spd|1
|move|p1a: Araquanid|Sticky Web|p2a: Porygon-Z
|-sidestart|p2: undercookeddog|move: Sticky Web
|
|upkeep
|turn|6
|
|t:|1776972230
|switch|p1a: Pawmot|Pawmot, L80, M|243/243
|-activate|p1a: Pawmot|move: Sticky Web
|-unboost|p1a: Pawmot|spe|1
|move|p2a: Porygon-Z|Shadow Ball|p1a: Pawmot
|-damage|p1a: Pawmot|136/243
|
|upkeep
|turn|7
|
|t:|1776972234
|move|p2a: Porygon-Z|Shadow Ball|p1a: Pawmot
|-damage|p1a: Pawmot|31/243
|move|p1a: Pawmot|Double Shock|p2a: Porygon-Z
|-damage|p2a: Porygon-Z|121/277
|-start|p1a: Pawmot|typechange|???/Fighting|[from] move: Double Shock
|
|upkeep
|turn|8
|
|t:|1776972240
|move|p2a: Porygon-Z|Shadow Ball|p1a: Pawmot
|-damage|p1a: Pawmot|0 fnt
|faint|p1a: Pawmot
|
|upkeep
|
|t:|1776972246
|switch|p1a: Zarude|Zarude-Dada, L77|288/288
|-activate|p1a: Zarude|move: Sticky Web
|-unboost|p1a: Zarude|spe|1
|turn|9
|
|t:|1776972252
|move|p2a: Porygon-Z|Shadow Ball|p1a: Zarude
|-resisted|p1a: Zarude
|-damage|p1a: Zarude|250/288
|move|p1a: Zarude|Close Combat|p2a: Porygon-Z
|-supereffective|p2a: Porygon-Z
|-damage|p2a: Porygon-Z|0 fnt
|-unboost|p1a: Zarude|def|1
|-unboost|p1a: Zarude|spd|1
|faint|p2a: Porygon-Z
|
|upkeep
|
|t:|1776972257
|switch|p2a: Dialga|Dialga-Origin, L73|266/266
|-activate|p2a: Dialga|move: Sticky Web
|-unboost|p2a: Dialga|spe|1
|-ability|p2a: Dialga|Pressure
|turn|10
|
|t:|1776972265
|switch|p1a: Araquanid|Araquanid, L82, F|110/246
|move|p2a: Dialga|Stealth Rock|p1a: Araquanid
|-sidestart|p1: pureanarchy|move: Stealth Rock
|
|upkeep
|turn|11
|
|t:|1776972283
|move|p2a: Dialga|Draco Meteor|p1a: Araquanid
|-damage|p1a: Araquanid|0 fnt
|-unboost|p2a: Dialga|spa|2
|faint|p1a: Araquanid
|
|upkeep
|
|t:|1776972290
|switch|p1a: Zarude|Zarude-Dada, L77|250/288
|-activate|p1a: Zarude|move: Sticky Web
|-unboost|p1a: Zarude|spe|1
|-damage|p1a: Zarude|214/288|[from] Stealth Rock
|turn|12
|
|t:|1776972296
|move|p1a: Zarude|Close Combat|p2a: Dialga
|-supereffective|p2a: Dialga
|-damage|p2a: Dialga|44/266
|-unboost|p1a: Zarude|def|1
|-unboost|p1a: Zarude|spd|1
|move|p2a: Dialga|Heavy Slam|p1a: Zarude
|-damage|p1a: Zarude|34/288
|
|upkeep
|turn|13
|
|t:|1776972303
|move|p1a: Zarude|Close Combat|p2a: Dialga
|-supereffective|p2a: Dialga
|-damage|p2a: Dialga|0 fnt
|-unboost|p1a: Zarude|def|1
|-unboost|p1a: Zarude|spd|1
|faint|p2a: Dialga
|
|upkeep
|
|t:|1776972308
|switch|p2a: Staraptor|Staraptor, L79, M|263/263
|turn|14
|
|t:|1776972316
|move|p2a: Staraptor|Double-Edge|p1a: Zarude
|-damage|p1a: Zarude|0 fnt
|faint|p1a: Zarude
|-damage|p2a: Staraptor|252/263|[from] Recoil
|
|upkeep
|
|t:|1776972321
|switch|p1a: Slowbro|Slowbro-Galar, L87, M|307/307
|-activate|p1a: Slowbro|move: Sticky Web
|-unboost|p1a: Slowbro|spe|1
|-damage|p1a: Slowbro|269/307|[from] Stealth Rock
|turn|15
|
|t:|1776972327
|move|p2a: Staraptor|Double-Edge|p1a: Slowbro
|-damage|p1a: Slowbro|61/307
|-damage|p2a: Staraptor|183/263|[from] Recoil
|move|p1a: Slowbro|Thunder Wave|p2a: Staraptor
|-status|p2a: Staraptor|par
|
|-heal|p1a: Slowbro|80/307|[from] item: Leftovers
|upkeep
|turn|16
|
|t:|1776972330
|move|p2a: Staraptor|Double-Edge|p1a: Slowbro
|-damage|p1a: Slowbro|0 fnt
|faint|p1a: Slowbro
|-damage|p2a: Staraptor|157/263 par|[from] Recoil
|
|upkeep
|
|t:|1776972332
|switch|p1a: Iron Moth|Iron Moth, L78|85/253
|turn|17
|
|t:|1776972336
|move|p1a: Iron Moth|Sludge Wave|p2a: Staraptor
|-crit|p2a: Staraptor
|-damage|p2a: Staraptor|0 fnt
|faint|p2a: Staraptor
|
|upkeep
|
|t:|1776972340
|switch|p2a: Copperajah|Copperajah, L86, F|350/350
|-activate|p2a: Copperajah|move: Sticky Web
|-unboost|p2a: Copperajah|spe|1
|turn|18
|
|t:|1776972346
|move|p1a: Iron Moth|Fire Blast|p2a: Copperajah
|-supereffective|p2a: Copperajah
|-crit|p2a: Copperajah
|-damage|p2a: Copperajah|0 fnt
|faint|p2a: Copperajah
|
|upkeep
|
|t:|1776972348
|switch|p2a: Toedscruel|Toedscruel, L87, M|281/281
|-activate|p2a: Toedscruel|move: Sticky Web
|-unboost|p2a: Toedscruel|spe|1
|turn|19
|
|t:|1776972354
|move|p1a: Iron Moth|Sludge Wave|p2a: Toedscruel
|-damage|p2a: Toedscruel|218/281
|move|p2a: Toedscruel|Earth Power|p1a: Iron Moth
|-supereffective|p1a: Iron Moth
|-damage|p1a: Iron Moth|0 fnt
|faint|p1a: Iron Moth
|-end|p1a: Iron Moth|Quark Drive|[silent]
|
|upkeep
|
|t:|1776972360
|switch|p1a: Sceptile|Sceptile, L87, M|264/264
|-activate|p1a: Sceptile|move: Sticky Web
|-unboost|p1a: Sceptile|spe|1
|-damage|p1a: Sceptile|231/264|[from] Stealth Rock
|turn|20
|
|t:|1776972366
|move|p1a: Sceptile|Swords Dance|p1a: Sceptile
|-boost|p1a: Sceptile|atk|2
|move|p2a: Toedscruel|Knock Off|p1a: Sceptile
|-damage|p1a: Sceptile|165/264
|-enditem|p1a: Sceptile|Life Orb|[from] move: Knock Off|[of] p2a: Toedscruel
|
|upkeep
|turn|21
|
|t:|1776972370
|move|p1a: Sceptile|Leaf Blade|p2a: Toedscruel
|-damage|p2a: Toedscruel|0 fnt
|faint|p2a: Toedscruel
|
|win|pureanarchy
|raw|pureanarchy's rating: 1096 &rarr; <strong>1123</strong><br />(+27 for winning)
|raw|undercookeddog's rating: 1111 &rarr; <strong>1085</strong><br />(-26 for losing)
|l|☆undercookeddog
|player|p2|
