|j|☆bumbomain
|j|☆liljuicewrldvert
|t:|1776983150
|gametype|singles
|player|p1|bumbomain|170|1616
|player|p2|liljuicewrldvert|roxie|1566
|gen|9
|tier|[Gen 9] Random Battle
|rated|
|rule|Species Clause: Limit one of each Pokémon
|rule|HP Percentage Mod: HP is shown in percentages
|rule|Sleep Clause Mod: Limit one foe put to sleep
|rule|Illusion Level Mod: Illusion disguises the Pokémon's true level
|
|t:|1776983150
|teamsize|p1|6
|teamsize|p2|6
|start
|switch|p1a: Ninetales|Ninetales, L85, F|263/263
|switch|p2a: Chesnaught|Chesnaught, L84, F|285/285
|-weather|SunnyDay|[from] ability: Drought|[of] p1a: Ninetales
|turn|1
|inactive|Battle timer is ON: inactive players will automatically lose when time's up. (requested by liljuicewrldvert)
|inactive|bumbomain also wants the timer to be on.
|
|t:|1776983162
|switch|p2a: Torkoal|Torkoal, L88, F|266/266
|move|p1a: Ninetales|Nasty Plot|p1a: Ninetales
|-boost|p1a: Ninetales|spa|2
|
|-weather|SunnyDay|[upkeep]
|upkeep
|turn|2
|
|t:|1776983171
|move|p1a: Ninetales|Scorching Sands|p2a: Torkoal
|-supereffective|p2a: Torkoal
|-damage|p2a: Torkoal|76/266
|move|p2a: Torkoal|Earthquake|p1a: Ninetales
|-supereffective|p1a: Ninetales
|-crit|p1a: Ninetales
|-damage|p1a: Ninetales|35/263
|
|-weather|SunnyDay|[upkeep]
|upkeep
|turn|3
|
|t:|1776983176
|move|p1a: Ninetales|Scorching Sands|p2a: Torkoal
|-supereffective|p2a: Torkoal
|-damage|p2a: Torkoal|0 fnt
|faint|p2a: Torkoal
|
|-weather|SunnyDay|[upkeep]
|upkeep
|
|t:|1776983183
|switch|p2a: Gurdurr|Gurdurr, L85, M|283/283
|turn|4
|c|☆liljuicewrldvert|you won this
|
|t:|1776983201
|switch|p1a: Iron Crown|Iron Crown, L78|268/268
|move|p2a: Gurdurr|Mach Punch|p1a: Iron Crown
|-damage|p1a: Iron Crown|220/268
|
|-weather|SunnyDay|[upkeep]
|-heal|p1a: Iron Crown|236/268|[from] item: Leftovers
|upkeep
|turn|5
|c|☆liljuicewrldvert|gg
|c|☆bumbomain|u think so??
|
|t:|1776983215
|move|p1a: Iron Crown|Calm Mind|p1a: Iron Crown
|-boost|p1a: Iron Crown|spa|1
|-boost|p1a: Iron Crown|spd|1
|move|p2a: Gurdurr|Knock Off|p1a: Iron Crown
|-supereffective|p1a: Iron Crown
|-damage|p1a: Iron Crown|86/268
|-enditem|p1a: Iron Crown|Leftovers|[from] move: Knock Off|[of] p2a: Gurdurr
|
|-weather|none
|upkeep
|turn|6
|c|☆liljuicewrldvert|yea i have to leave
|c|☆bumbomain|oh bruh
|c|☆liljuicewrldvert|unless you dont mind being quick
|
|t:|1776983231
|move|p1a: Iron Crown|Psyshock|p2a: Gurdurr
|-supereffective|p2a: Gurdurr
|-damage|p2a: Gurdurr|95/283
|move|p2a: Gurdurr|Knock Off|p1a: Iron Crown
|-supereffective|p1a: Iron Crown
|-damage|p1a: Iron Crown|0 fnt
|faint|p1a: Iron Crown
|-end|p1a: Iron Crown|Quark Drive|[silent]
|
|upkeep
|c|☆bumbomain|ill be quick
|c|☆liljuicewrldvert|oh fr
|c|☆liljuicewrldvert|dang
|
|t:|1776983244
|switch|p1a: Flygon|Flygon, L82, M|265/265
|turn|7
|
|t:|1776983248
|move|p2a: Gurdurr|Mach Punch|p1a: Flygon
|-damage|p1a: Flygon|217/265
|move|p1a: Flygon|Dragon Dance|p1a: Flygon
|-boost|p1a: Flygon|atk|1
|-boost|p1a: Flygon|spe|1
|
|upkeep
|turn|8
|
|t:|1776983256
|move|p1a: Flygon|Earthquake|p2a: Gurdurr
|-damage|p2a: Gurdurr|0 fnt
|faint|p2a: Gurdurr
|
|upkeep
|
|t:|1776983258
|switch|p2a: Dondozo|Dondozo, L78, F|362/362
|turn|9
|
|t:|1776983271
|switch|p1a: Hariyama|Hariyama, L87, F|392/392
|move|p2a: Dondozo|Curse|p2a: Dondozo
|-unboost|p2a: Dondozo|spe|1
|-boost|p2a: Dondozo|atk|1
|-boost|p2a: Dondozo|def|1
|
|upkeep
|turn|10
|
|t:|1776983276
|-terastallize|p2a: Dondozo|Fairy
|move|p1a: Hariyama|Knock Off|p2a: Dondozo
|-resisted|p2a: Dondozo
|-damage|p2a: Dondozo|337/362
|-enditem|p2a: Dondozo|Leftovers|[from] move: Knock Off|[of] p1a: Hariyama
|move|p2a: Dondozo|Curse|p2a: Dondozo
|-unboost|p2a: Dondozo|spe|1
|-boost|p2a: Dondozo|atk|1
|-boost|p2a: Dondozo|def|1
|
|upkeep
|turn|11
|
|t:|1776983282
|move|p1a: Hariyama|Heavy Slam|p2a: Dondozo
|-supereffective|p2a: Dondozo
|-damage|p2a: Dondozo|307/362
|move|p2a: Dondozo|Wave Crash|p1a: Hariyama
|-damage|p1a: Hariyama|122/392
|-damage|p2a: Dondozo|218/362|[from] Recoil
|
|upkeep
|turn|12
|
|t:|1776983285
|move|p1a: Hariyama|Bullet Punch|p2a: Dondozo
|-supereffective|p2a: Dondozo
|-damage|p2a: Dondozo|188/362
|move|p2a: Dondozo|Curse|p2a: Dondozo
|-unboost|p2a: Dondozo|spe|1
|-boost|p2a: Dondozo|atk|1
|-boost|p2a: Dondozo|def|1
|
|upkeep
|turn|13
|
|t:|1776983287
|move|p1a: Hariyama|Bullet Punch|p2a: Dondozo
|-supereffective|p2a: Dondozo
|-damage|p2a: Dondozo|162/362
|move|p2a: Dondozo|Rest|p2a: Dondozo
|-status|p2a: Dondozo|slp|[from] move: Rest
|-heal|p2a: Dondozo|362/362 slp|[silent]
|
|upkeep
|turn|14
|
|t:|1776983293
|switch|p1a: Ninetales|Ninetales, L85, F|35/263
|-weather|SunnyDay|[from] ability: Drought|[of] p1a: Ninetales
|cant|p2a: Dondozo|slp
|move|p2a: Dondozo|Sleep Talk|p2a: Dondozo
|move|p2a: Dondozo|Wave Crash|p1a: Ninetales|[from] move: Sleep Talk
|-supereffective|p1a: Ninetales
|-damage|p1a: Ninetales|0 fnt
|faint|p1a: Ninetales
|-damage|p2a: Dondozo|350/362 slp|[from] Recoil
|
|-weather|SunnyDay|[upkeep]
|upkeep
|
|t:|1776983303
|switch|p1a: Deoxys|Deoxys-Speed, L82|216/216
|-ability|p1a: Deoxys|Pressure
|turn|15
|
|t:|1776983310
|move|p1a: Deoxys|Taunt|p2a: Dondozo
|-start|p2a: Dondozo|move: Taunt
|cant|p2a: Dondozo|slp
|cant|p2a: Dondozo|move: Taunt|Sleep Talk
|
|-weather|SunnyDay|[upkeep]
|upkeep
|turn|16
|
|t:|1776983319
|move|p1a: Deoxys|Psycho Boost|p2a: Dondozo
|-damage|p2a: Dondozo|160/362 slp
|-unboost|p1a: Deoxys|spa|2
|-curestatus|p2a: Dondozo|slp|[msg]
|move|p2a: Dondozo|Wave Crash|p1a: Deoxys
|-damage|p1a: Deoxys|72/216
|-damage|p2a: Dondozo|112/362|[from] Recoil
|
|-weather|SunnyDay|[upkeep]
|-heal|p1a: Deoxys|85/216|[from] item: Leftovers
|upkeep
|turn|17
|
|t:|1776983323
|move|p1a: Deoxys|Psycho Boost|p2a: Dondozo
|-damage|p2a: Dondozo|0 fnt
|-unboost|p1a: Deoxys|spa|2
|faint|p2a: Dondozo
|
|-weather|SunnyDay|[upkeep]
|-heal|p1a: Deoxys|98/216|[from] item: Leftovers
|upkeep
|
|t:|1776983327
|switch|p2a: Iron Crown|Iron Crown, L78|268/268
|turn|18
|
|t:|1776983333
|move|p1a: Deoxys|Taunt|p2a: Iron Crown
|-start|p2a: Iron Crown|move: Taunt
|move|p2a: Iron Crown|Tachyon Cutter|p1a: Deoxys
|-damage|p1a: Deoxys|13/216
|-damage|p1a: Deoxys|0 fnt
|faint|p1a: Deoxys
|-hitcount|p1: Deoxys|2
|
|-weather|none
|upkeep
|
|t:|1776983342
|switch|p1a: Flygon|Flygon, L82, M|217/265
|turn|19
|
|t:|1776983344
|-end|p2a: Iron Crown|Quark Drive|[silent]
|switch|p2a: Venusaur|Venusaur, L84, M|272/272
|move|p1a: Flygon|Dragon Dance|p1a: Flygon
|-boost|p1a: Flygon|atk|1
|-boost|p1a: Flygon|spe|1
|
|upkeep
|turn|20
|
|t:|1776983350
|move|p1a: Flygon|Dragon Dance|p1a: Flygon
|-boost|p1a: Flygon|atk|1
|-boost|p1a: Flygon|spe|1
|move|p2a: Venusaur|Sleep Powder|p1a: Flygon
|-status|p1a: Flygon|slp|[from] move: Sleep Powder
|-enditem|p1a: Flygon|Lum Berry|[eat]
|-curestatus|p1a: Flygon|slp|[msg]
|
|upkeep
|turn|21
|
|t:|1776983358
|move|p1a: Flygon|Earthquake|p2a: Venusaur
|-damage|p2a: Venusaur|65/272
|move|p2a: Venusaur|Sleep Powder|p1a: Flygon
|-status|p1a: Flygon|slp|[from] move: Sleep Powder
|
|-heal|p2a: Venusaur|82/272|[from] item: Leftovers
|upkeep
|turn|22
|
|t:|1776983365
|switch|p2a: Iron Crown|Iron Crown, L78|268/268
|cant|p1a: Flygon|slp
|
|upkeep
|turn|23
|
|t:|1776983367
|cant|p1a: Flygon|slp
|move|p2a: Iron Crown|Psyshock|p1a: Flygon
|-damage|p1a: Flygon|69/265 slp
|
|upkeep
|turn|24
|
|t:|1776983369
|cant|p1a: Flygon|slp
|move|p2a: Iron Crown|Psyshock|p1a: Flygon
|-damage|p1a: Flygon|0 fnt
|faint|p1a: Flygon
|
|upkeep
|
|t:|1776983372
|switch|p1a: Regirock|Regirock, L83|268/268
|turn|25
|
|t:|1776983377
|-end|p2a: Iron Crown|Quark Drive|[silent]
|switch|p2a: Venusaur|Venusaur, L84, M|82/272
|move|p1a: Regirock|Iron Defense|p1a: Regirock
|-boost|p1a: Regirock|def|2
|
|-heal|p2a: Venusaur|99/272|[from] item: Leftovers
|upkeep
|turn|26
|
|t:|1776983383
|move|p2a: Venusaur|Sleep Powder|p1a: Regirock
|-status|p1a: Regirock|slp|[from] move: Sleep Powder
|-enditem|p1a: Regirock|Chesto Berry|[eat]
|-curestatus|p1a: Regirock|slp|[msg]
|move|p1a: Regirock|Stone Edge|p2a: Venusaur
|-damage|p2a: Venusaur|0 fnt
|faint|p2a: Venusaur
|
|upkeep
|
|t:|1776983386
|switch|p2a: Chesnaught|Chesnaught, L84, F|285/285
|turn|27
|
|t:|1776983391
|move|p2a: Chesnaught|Iron Defense|p2a: Chesnaught
|-boost|p2a: Chesnaught|def|2
|move|p1a: Regirock|Body Press|p2a: Chesnaught
|-damage|p2a: Chesnaught|210/285
|
|-heal|p2a: Chesnaught|227/285|[from] item: Leftovers
|upkeep
|turn|28
|
|t:|1776983397
|move|p2a: Chesnaught|Iron Defense|p2a: Chesnaught
|-boost|p2a: Chesnaught|def|2
|move|p1a: Regirock|Iron Defense|p1a: Regirock
|-boost|p1a: Regirock|def|2
|
|-heal|p2a: Chesnaught|244/285|[from] item: Leftovers
|upkeep
|turn|29
|
|t:|1776983399
|move|p2a: Chesnaught|Iron Defense|p2a: Chesnaught
|-boost|p2a: Chesnaught|def|2
|move|p1a: Regirock|Iron Defense|p1a: Regirock
|-boost|p1a: Regirock|def|2
|
|-heal|p2a: Chesnaught|261/285|[from] item: Leftovers
|upkeep
|turn|30
|
|t:|1776983410
|-terastallize|p1a: Regirock|Fighting
|move|p2a: Chesnaught|Body Press|p1a: Regirock
|-damage|p1a: Regirock|219/268
|move|p1a: Regirock|Body Press|p2a: Chesnaught
|-damage|p2a: Chesnaught|152/285
|
|-heal|p2a: Chesnaught|169/285|[from] item: Leftovers
|upkeep
|turn|31
|
|t:|1776983414
|move|p2a: Chesnaught|Body Press|p1a: Regirock
|-damage|p1a: Regirock|170/268
|move|p1a: Regirock|Body Press|p2a: Chesnaught
|-damage|p2a: Chesnaught|43/285
|
|-heal|p2a: Chesnaught|60/285|[from] item: Leftovers
|upkeep
|turn|32
|
|t:|1776983417
|move|p2a: Chesnaught|Synthesis|p2a: Chesnaught
|-heal|p2a: Chesnaught|202/285
|move|p1a: Regirock|Body Press|p2a: Chesnaught
|-damage|p2a: Chesnaught|78/285
|
|-heal|p2a: Chesnaught|95/285|[from] item: Leftovers
|upkeep
|turn|33
|
|t:|1776983419
|move|p2a: Chesnaught|Synthesis|p2a: Chesnaught
|-heal|p2a: Chesnaught|237/285
|move|p1a: Regirock|Body Press|p2a: Chesnaught
|-damage|p2a: Chesnaught|128/285
|
|-heal|p2a: Chesnaught|145/285|[from] item: Leftovers
|upkeep
|turn|34
|
|t:|1776983421
|move|p2a: Chesnaught|Body Press|p1a: Regirock
|-damage|p1a: Regirock|121/268
|move|p1a: Regirock|Body Press|p2a: Chesnaught
|-damage|p2a: Chesnaught|31/285
|
|-heal|p2a: Chesnaught|48/285|[from] item: Leftovers
|upkeep
|turn|35
|
|t:|1776983424
|move|p2a: Chesnaught|Synthesis|p2a: Chesnaught
|-heal|p2a: Chesnaught|190/285
|move|p1a: Regirock|Body Press|p2a: Chesnaught
|-damage|p2a: Chesnaught|69/285
|
|-heal|p2a: Chesnaught|86/285|[from] item: Leftovers
|upkeep
|turn|36
|
|t:|1776983428
|move|p2a: Chesnaught|Synthesis|p2a: Chesnaught
|-heal|p2a: Chesnaught|228/285
|move|p1a: Regirock|Rest|p1a: Regirock
|-status|p1a: Regirock|slp|[from] move: Rest
|-heal|p1a: Regirock|268/268 slp|[silent]
|
|-heal|p2a: Chesnaught|245/285|[from] item: Leftovers
|upkeep
|turn|37
|
|t:|1776983430
|move|p2a: Chesnaught|Body Press|p1a: Regirock
|-crit|p1a: Regirock
|-damage|p1a: Regirock|0 fnt
|faint|p1a: Regirock
|
|-heal|p2a: Chesnaught|262/285|[from] item: Leftovers
|upkeep
|
|t:|1776983432
|switch|p1a: Hariyama|Hariyama, L87, F|122/392
|turn|38
|c|☆liljuicewrldvert|gg
|
|t:|1776983439
|move|p2a: Chesnaught|Body Press|p1a: Hariyama
|-damage|p1a: Hariyama|0 fnt
|faint|p1a: Hariyama
|
|win|liljuicewrldvert
|raw|bumbomain's rating: 1616 &rarr; <strong>1594</strong><br />(-22 for losing)
|raw|liljuicewrldvert's rating: 1585 &rarr; <strong>1607</strong><br />(+22 for winning)
