|j|☆adadmin
|j|☆L1chen
|t:|1776970977
|gametype|singles
|player|p1|adadmin|miku-ghost|1700
|player|p2|L1chen|gambler|1664
|gen|9
|tier|[Gen 9] Random Battle
|rated|
|rule|Species Clause: Limit one of each Pokémon
|rule|HP Percentage Mod: HP is shown in percentages
|rule|Sleep Clause Mod: Limit one foe put to sleep
|rule|Illusion Level Mod: Illusion disguises the Pokémon's true level
|
|t:|1776970977
|teamsize|p1|6
|teamsize|p2|6
|start
|switch|p1a: Clawitzer|Clawitzer, L87, F|265/265
|switch|p2a: Toxicroak|Toxicroak, L84, F|277/277
|turn|1
|inactive|Battle timer is ON: inactive players will automatically lose when time's up. (requested by L1chen)
|
|t:|1776970985
|move|p2a: Toxicroak|Knock Off|p1a: Clawitzer
|-damage|p1a: Clawitzer|154/265
|-enditem|p1a: Clawitzer|Assault Vest|[from] move: Knock Off|[of] p2a: Toxicroak
|move|p1a: Clawitzer|Dragon Pulse|p2a: Toxicroak
|-damage|p2a: Toxicroak|138/277
|
|upkeep
|turn|2
|
|t:|1776970993
|switch|p2a: Enamorus|Enamorus-Therian, L83, F|259/259
|move|p1a: Clawitzer|Dragon Pulse|p2a: Enamorus
|-immune|p2a: Enamorus
|
|upkeep
|turn|3
|
|t:|1776970999
|move|p1a: Clawitzer|Water Pulse|p2a: Enamorus
|-damage|p2a: Enamorus|154/259
|-start|p2a: Enamorus|confusion
|-activate|p2a: Enamorus|confusion
|-damage|p2a: Enamorus|128/259|[from] confusion
|
|upkeep
|turn|4
|
|t:|1776971005
|move|p1a: Clawitzer|Water Pulse|p2a: Enamorus
|-damage|p2a: Enamorus|14/259
|-activate|p2a: Enamorus|confusion
|move|p2a: Enamorus|Agility|p2a: Enamorus
|-boost|p2a: Enamorus|spe|2
|
|upkeep
|turn|5
|
|t:|1776971013
|-activate|p2a: Enamorus|confusion
|move|p2a: Enamorus|Moonblast|p1a: Clawitzer
|-damage|p1a: Clawitzer|24/265
|move|p1a: Clawitzer|U-turn|p2a: Enamorus
|-resisted|p2a: Enamorus
|-damage|p2a: Enamorus|5/259
|
|t:|1776971021
|switch|p1a: Vespiquen|Vespiquen, L99, F|299/299|[from] U-turn
|-ability|p1a: Vespiquen|Pressure
|
|upkeep
|turn|6
|
|t:|1776971025
|-end|p2a: Enamorus|confusion
|move|p2a: Enamorus|Moonblast|p1a: Vespiquen
|-damage|p1a: Vespiquen|196/299
|move|p1a: Vespiquen|Spikes|p2a: Enamorus
|-sidestart|p2: L1chen|Spikes
|
|upkeep
|turn|7
|
|t:|1776971032
|move|p2a: Enamorus|Moonblast|p1a: Vespiquen
|-damage|p1a: Vespiquen|105/299
|move|p1a: Vespiquen|Air Slash|p2a: Enamorus
|-crit|p2a: Enamorus
|-damage|p2a: Enamorus|0 fnt
|faint|p2a: Enamorus
|
|upkeep
|
|t:|1776971039
|switch|p2a: Jolteon|Jolteon, L84, F|246/246
|-damage|p2a: Jolteon|216/246|[from] Spikes
|turn|8
|
|t:|1776971042
|switch|p1a: Clawitzer|Clawitzer, L87, F|24/265
|move|p2a: Jolteon|Volt Switch|p1a: Clawitzer
|-supereffective|p1a: Clawitzer
|-damage|p1a: Clawitzer|0 fnt
|faint|p1a: Clawitzer
|
|t:|1776971046
|switch|p2a: Toxicroak|Toxicroak, L84, F|138/277|[from] Volt Switch
|-damage|p2a: Toxicroak|104/277|[from] Spikes
|
|upkeep
|
|t:|1776971051
|switch|p1a: Indeedee|Indeedee-F, L90, F|272/272
|-fieldstart|move: Psychic Terrain|[from] ability: Psychic Surge|[of] p1a: Indeedee
|turn|9
|
|t:|1776971057
|-terastallize|p2a: Toxicroak|Dark
|move|p1a: Indeedee|Psychic|p2a: Toxicroak
|-immune|p2a: Toxicroak
|move|p2a: Toxicroak|Knock Off|p1a: Indeedee
|-supereffective|p1a: Indeedee
|-damage|p1a: Indeedee|0 fnt
|-enditem|p1a: Indeedee|Life Orb|[from] move: Knock Off|[of] p2a: Toxicroak
|faint|p1a: Indeedee
|
|upkeep
|
|t:|1776971067
|switch|p1a: Vileplume|Vileplume, L85, M|266/266
|turn|10
|
|t:|1776971072
|move|p2a: Toxicroak|Knock Off|p1a: Vileplume
|-damage|p1a: Vileplume|107/266
|-status|p2a: Toxicroak|slp|[from] ability: Effect Spore|[of] p1a: Vileplume
|-enditem|p1a: Vileplume|Leftovers|[from] move: Knock Off|[of] p2a: Toxicroak
|move|p1a: Vileplume|Sleep Powder|p2a: Toxicroak
|-fail|p2a: Toxicroak|slp
|
|upkeep
|turn|11
|
|t:|1776971082
|switch|p2a: Cobalion|Cobalion, L80|277/277
|-damage|p2a: Cobalion|243/277|[from] Spikes
|move|p1a: Vileplume|Strength Sap|p2a: Cobalion
|-unboost|p2a: Cobalion|atk|1
|-heal|p1a: Vileplume|266/266
|
|-heal|p2a: Cobalion|260/277|[from] item: Leftovers
|upkeep
|turn|12
|
|t:|1776971090
|switch|p1a: Vespiquen|Vespiquen, L99, F|105/299
|-ability|p1a: Vespiquen|Pressure
|move|p2a: Cobalion|Thunder Wave|p1a: Vespiquen
|-status|p1a: Vespiquen|par
|
|-heal|p2a: Cobalion|277/277|[from] item: Leftovers
|upkeep
|turn|13
|
|t:|1776971094
|move|p2a: Cobalion|Iron Head|p1a: Vespiquen
|-damage|p1a: Vespiquen|66/299 par
|cant|p1a: Vespiquen|par
|
|-fieldend|move: Psychic Terrain
|upkeep
|turn|14
|
|t:|1776971098
|move|p2a: Cobalion|Iron Head|p1a: Vespiquen
|-damage|p1a: Vespiquen|26/299 par
|move|p1a: Vespiquen|Toxic Spikes|p2a: Cobalion
|-sidestart|p2: L1chen|move: Toxic Spikes
|
|upkeep
|turn|15
|
|t:|1776971101
|move|p2a: Cobalion|Iron Head|p1a: Vespiquen
|-damage|p1a: Vespiquen|0 fnt
|faint|p1a: Vespiquen
|
|upkeep
|
|t:|1776971103
|switch|p1a: Blaziken|Blaziken, L76, M|247/247
|turn|16
|
|t:|1776971110
|move|p2a: Cobalion|Thunder Wave|p1a: Blaziken
|-status|p1a: Blaziken|par
|move|p1a: Blaziken|Flare Blitz|p2a: Cobalion
|-supereffective|p2a: Cobalion
|-damage|p2a: Cobalion|9/277
|-damage|p1a: Blaziken|159/247 par|[from] Recoil
|-damage|p1a: Blaziken|135/247 par|[from] item: Life Orb
|
|-heal|p2a: Cobalion|26/277|[from] item: Leftovers
|-ability|p1a: Blaziken|Speed Boost|boost
|-boost|p1a: Blaziken|spe|1
|upkeep
|turn|17
|
|t:|1776971117
|move|p2a: Cobalion|Body Press|p1a: Blaziken
|-damage|p1a: Blaziken|2/247 par
|move|p1a: Blaziken|Flare Blitz|p2a: Cobalion
|-supereffective|p2a: Cobalion
|-damage|p2a: Cobalion|0 fnt
|faint|p2a: Cobalion
|-damage|p1a: Blaziken|0 fnt|[from] Recoil
|faint|p1a: Blaziken
|
|upkeep
|
|t:|1776971125
|switch|p2a: Toxicroak|Toxicroak, L84, F, tera:Dark|104/277 slp
|switch|p1a: Vileplume|Vileplume, L85, M|266/266
|-damage|p2a: Toxicroak|70/277 slp|[from] Spikes
|turn|18
|
|t:|1776971135
|switch|p2a: Flapple|Flapple, L88, F|266/266
|-damage|p2a: Flapple|233/266|[from] Spikes
|-status|p2a: Flapple|psn
|move|p1a: Vileplume|Sludge Bomb|p2a: Flapple
|-supereffective|p2a: Flapple
|-damage|p2a: Flapple|0 fnt
|faint|p2a: Flapple
|
|upkeep
|
|t:|1776971138
|switch|p2a: Jolteon|Jolteon, L84, F|216/246
|-damage|p2a: Jolteon|186/246|[from] Spikes
|-status|p2a: Jolteon|psn
|turn|19
|
|t:|1776971147
|move|p2a: Jolteon|Volt Switch|p1a: Vileplume
|-resisted|p1a: Vileplume
|-damage|p1a: Vileplume|212/266
|
|t:|1776971151
|switch|p2a: Toxicroak|Toxicroak, L84, F, tera:Dark|70/277 slp|[from] Volt Switch
|-damage|p2a: Toxicroak|36/277 slp|[from] Spikes
|move|p1a: Vileplume|Sludge Bomb|p2a: Toxicroak
|-damage|p2a: Toxicroak|0 fnt
|faint|p2a: Toxicroak
|
|upkeep
|
|t:|1776971160
|switch|p2a: Regidrago|Regidrago, L77|435/435
|-damage|p2a: Regidrago|381/435|[from] Spikes
|-status|p2a: Regidrago|psn
|-enditem|p2a: Regidrago|Lum Berry|[eat]
|-curestatus|p2a: Regidrago|psn|[msg]
|turn|20
|
|t:|1776971167
|switch|p2a: Jolteon|Jolteon, L84, F|186/246 psn
|-damage|p2a: Jolteon|156/246 psn|[from] Spikes
|switch|p1a: Registeel|Registeel, L81|262/262
|
|-damage|p2a: Jolteon|126/246 psn|[from] psn
|upkeep
|turn|21
|
|t:|1776971171
|move|p2a: Jolteon|Thunderbolt|p1a: Registeel
|-damage|p1a: Registeel|156/262
|move|p1a: Registeel|Body Press|p2a: Jolteon
|-damage|p2a: Jolteon|33/246 psn
|
|-heal|p1a: Registeel|172/262|[from] item: Leftovers
|-damage|p2a: Jolteon|3/246 psn|[from] psn
|upkeep
|turn|22
|
|t:|1776971176
|switch|p1a: Vileplume|Vileplume, L85, M|212/266
|move|p2a: Jolteon|Thunderbolt|p1a: Vileplume
|-resisted|p1a: Vileplume
|-damage|p1a: Vileplume|141/266
|
|-damage|p2a: Jolteon|0 fnt|[from] psn
|faint|p2a: Jolteon
|upkeep
|
|t:|1776971178
|switch|p2a: Regidrago|Regidrago, L77|381/435
|-damage|p2a: Regidrago|327/435|[from] Spikes
|-status|p2a: Regidrago|psn
|turn|23
|
|t:|1776971182
|move|p2a: Regidrago|Dragon Dance|p2a: Regidrago
|-boost|p2a: Regidrago|atk|1
|-boost|p2a: Regidrago|spe|1
|move|p1a: Vileplume|Strength Sap|p2a: Regidrago
|-unboost|p2a: Regidrago|atk|1
|-heal|p1a: Vileplume|266/266
|
|-damage|p2a: Regidrago|273/435 psn|[from] psn
|upkeep
|turn|24
|
|t:|1776971189
|move|p2a: Regidrago|Draco Meteor|p1a: Vileplume
|-damage|p1a: Vileplume|80/266
|-unboost|p2a: Regidrago|spa|2
|move|p1a: Vileplume|Strength Sap|p2a: Regidrago
|-unboost|p2a: Regidrago|atk|1
|-heal|p1a: Vileplume|266/266
|
|-damage|p2a: Regidrago|219/435 psn|[from] psn
|upkeep
|turn|25
|
|t:|1776971193
|move|p2a: Regidrago|Draco Meteor|p1a: Vileplume
|-damage|p1a: Vileplume|179/266
|-unboost|p2a: Regidrago|spa|2
|move|p1a: Vileplume|Strength Sap|p2a: Regidrago
|-unboost|p2a: Regidrago|atk|1
|-heal|p1a: Vileplume|266/266
|
|-damage|p2a: Regidrago|165/435 psn|[from] psn
|upkeep
|turn|26
|c|☆adadmin|Gg
|-message|L1chen forfeited.
|
|win|adadmin
|raw|adadmin's rating: 1700 &rarr; <strong>1718</strong><br />(+18 for winning)
|raw|L1chen's rating: 1664 &rarr; <strong>1646</strong><br />(-18 for losing)
|l|☆L1chen
|player|p2|
