|j|☆Alphamalekitten
|j|☆bady43
|t:|1776970999
|gametype|singles
|player|p1|Alphamalekitten|170|1478
|player|p2|bady43|will|1444
|gen|9
|tier|[Gen 9] Random Battle
|rated|
|rule|Species Clause: Limit one of each Pokémon
|rule|HP Percentage Mod: HP is shown in percentages
|rule|Sleep Clause Mod: Limit one foe put to sleep
|rule|Illusion Level Mod: Illusion disguises the Pokémon's true level
|
|t:|1776970999
|teamsize|p1|6
|teamsize|p2|6
|start
|switch|p1a: Sandslash|Sandslash-Alola, L88, M|275/275
|switch|p2a: Wyrdeer|Wyrdeer, L87, M|321/321
|-ability|p2a: Wyrdeer|Intimidate|boost
|-unboost|p1a: Sandslash|atk|1
|turn|1
|inactive|Battle timer is ON: inactive players will automatically lose when time's up. (requested by Alphamalekitten)
|
|t:|1776971025
|switch|p1a: Sinistcha|Sinistcha, L83|254/254
|move|p2a: Wyrdeer|Thunder Wave|p1a: Sinistcha
|-status|p1a: Sinistcha|par
|
|upkeep
|turn|2
|
|t:|1776971044
|move|p2a: Wyrdeer|Psychic Noise|p1a: Sinistcha
|-damage|p1a: Sinistcha|155/254 par
|-start|p1a: Sinistcha|move: Heal Block
|move|p1a: Sinistcha|Calm Mind|p1a: Sinistcha
|-boost|p1a: Sinistcha|spa|1
|-boost|p1a: Sinistcha|spd|1
|
|upkeep
|turn|3
|
|t:|1776971074
|switch|p1a: Vigoroth|Vigoroth, L85, M|275/275
|move|p2a: Wyrdeer|Psychic Noise|p1a: Vigoroth
|-damage|p1a: Vigoroth|190/275
|-start|p1a: Vigoroth|move: Heal Block
|
|upkeep
|turn|4
|
|t:|1776971082
|move|p1a: Vigoroth|Bulk Up|p1a: Vigoroth
|-boost|p1a: Vigoroth|atk|1
|-boost|p1a: Vigoroth|def|1
|move|p2a: Wyrdeer|Thunder Wave|p1a: Vigoroth
|-status|p1a: Vigoroth|par
|
|-end|p1a: Vigoroth|move: Heal Block
|upkeep
|turn|5
|
|t:|1776971102
|move|p2a: Wyrdeer|Psychic Noise|p1a: Vigoroth
|-damage|p1a: Vigoroth|109/275 par
|-start|p1a: Vigoroth|move: Heal Block
|move|p1a: Vigoroth|Knock Off|p2a: Wyrdeer
|-supereffective|p2a: Wyrdeer
|-damage|p2a: Wyrdeer|127/321
|-enditem|p2a: Wyrdeer|Leftovers|[from] move: Knock Off|[of] p1a: Vigoroth
|
|upkeep
|turn|6
|
|t:|1776971110
|move|p2a: Wyrdeer|Psychic Noise|p1a: Vigoroth
|-damage|p1a: Vigoroth|31/275 par
|move|p1a: Vigoroth|Body Slam|p2a: Wyrdeer
|-damage|p2a: Wyrdeer|0 fnt
|faint|p2a: Wyrdeer
|
|-end|p1a: Vigoroth|move: Heal Block
|upkeep
|
|t:|1776971134
|switch|p2a: Jirachi|Jirachi, L80|291/291
|turn|7
|
|t:|1776971142
|move|p2a: Jirachi|Iron Head|p1a: Vigoroth
|-damage|p1a: Vigoroth|0 fnt
|faint|p1a: Vigoroth
|
|upkeep
|
|t:|1776971156
|switch|p1a: Tentacruel|Tentacruel, L84, M|272/272
|turn|8
|
|t:|1776971165
|move|p1a: Tentacruel|Knock Off|p2a: Jirachi
|-supereffective|p2a: Jirachi
|-damage|p2a: Jirachi|197/291
|-enditem|p2a: Jirachi|Leftovers|[from] move: Knock Off|[of] p1a: Tentacruel
|move|p2a: Jirachi|Iron Head|p1a: Tentacruel
|-resisted|p1a: Tentacruel
|-damage|p1a: Tentacruel|222/272
|
|-heal|p1a: Tentacruel|239/272|[from] item: Leftovers
|upkeep
|turn|9
|
|t:|1776971171
|move|p1a: Tentacruel|Surf|p2a: Jirachi
|-damage|p2a: Jirachi|125/291
|move|p2a: Jirachi|Wish|p2a: Jirachi
|
|-heal|p1a: Tentacruel|256/272|[from] item: Leftovers
|upkeep
|turn|10
|
|t:|1776971185
|move|p1a: Tentacruel|Surf|p2a: Jirachi
|-damage|p2a: Jirachi|44/291
|move|p2a: Jirachi|Iron Head|p1a: Tentacruel
|-resisted|p1a: Tentacruel
|-damage|p1a: Tentacruel|203/272
|
|-heal|p2a: Jirachi|189/291|[from] move: Wish|[wisher] Jirachi
|-heal|p1a: Tentacruel|220/272|[from] item: Leftovers
|upkeep
|turn|11
|
|t:|1776971191
|move|p1a: Tentacruel|Surf|p2a: Jirachi
|-damage|p2a: Jirachi|117/291
|move|p2a: Jirachi|Wish|p2a: Jirachi
|
|-heal|p1a: Tentacruel|237/272|[from] item: Leftovers
|upkeep
|turn|12
|
|t:|1776971193
|move|p1a: Tentacruel|Surf|p2a: Jirachi
|-damage|p2a: Jirachi|42/291
|move|p2a: Jirachi|Iron Head|p1a: Tentacruel
|-resisted|p1a: Tentacruel
|-damage|p1a: Tentacruel|183/272
|
|-heal|p2a: Jirachi|187/291|[from] move: Wish|[wisher] Jirachi
|-heal|p1a: Tentacruel|200/272|[from] item: Leftovers
|upkeep
|turn|13
|
|t:|1776971199
|move|p1a: Tentacruel|Surf|p2a: Jirachi
|-crit|p2a: Jirachi
|-damage|p2a: Jirachi|66/291
|move|p2a: Jirachi|Wish|p2a: Jirachi
|
|-heal|p1a: Tentacruel|217/272|[from] item: Leftovers
|upkeep
|turn|14
|
|t:|1776971201
|move|p2a: Jirachi|Protect|p2a: Jirachi
|-singleturn|p2a: Jirachi|Protect
|move|p1a: Tentacruel|Surf|p2a: Jirachi
|-activate|p2a: Jirachi|move: Protect
|
|-heal|p2a: Jirachi|211/291|[from] move: Wish|[wisher] Jirachi
|-heal|p1a: Tentacruel|234/272|[from] item: Leftovers
|upkeep
|turn|15
|
|t:|1776971219
|move|p1a: Tentacruel|Surf|p2a: Jirachi
|-damage|p2a: Jirachi|138/291
|move|p2a: Jirachi|Wish|p2a: Jirachi
|
|-heal|p1a: Tentacruel|251/272|[from] item: Leftovers
|upkeep
|turn|16
|
|t:|1776971236
|move|p2a: Jirachi|Protect|p2a: Jirachi
|-singleturn|p2a: Jirachi|Protect
|move|p1a: Tentacruel|Surf|p2a: Jirachi
|-activate|p2a: Jirachi|move: Protect
|
|-heal|p2a: Jirachi|283/291|[from] move: Wish|[wisher] Jirachi
|-heal|p1a: Tentacruel|268/272|[from] item: Leftovers
|upkeep
|turn|17
|
|t:|1776971242
|switch|p2a: Decidueye|Decidueye-Hisui, L87, F|295/295
|move|p1a: Tentacruel|Surf|p2a: Decidueye
|-resisted|p2a: Decidueye
|-damage|p2a: Decidueye|259/295
|
|-heal|p1a: Tentacruel|272/272|[from] item: Leftovers
|-heal|p2a: Decidueye|277/295|[from] item: Leftovers
|upkeep
|turn|18
|
|t:|1776971266
|-terastallize|p2a: Decidueye|Steel
|move|p1a: Tentacruel|Sludge Bomb|p2a: Decidueye
|-immune|p2a: Decidueye
|move|p2a: Decidueye|Leaf Blade|p1a: Tentacruel
|-damage|p1a: Tentacruel|140/272
|
|-heal|p1a: Tentacruel|157/272|[from] item: Leftovers
|-heal|p2a: Decidueye|295/295|[from] item: Leftovers
|upkeep
|turn|19
|
|t:|1776971282
|move|p1a: Tentacruel|Knock Off|p2a: Decidueye
|-damage|p2a: Decidueye|235/295
|-enditem|p2a: Decidueye|Leftovers|[from] move: Knock Off|[of] p1a: Tentacruel
|move|p2a: Decidueye|Triple Arrows|p1a: Tentacruel
|-resisted|p1a: Tentacruel
|-damage|p1a: Tentacruel|89/272
|
|-heal|p1a: Tentacruel|106/272|[from] item: Leftovers
|upkeep
|turn|20
|
|t:|1776971296
|move|p1a: Tentacruel|Surf|p2a: Decidueye
|-damage|p2a: Decidueye|163/295
|move|p2a: Decidueye|Leaf Blade|p1a: Tentacruel
|-damage|p1a: Tentacruel|0 fnt
|faint|p1a: Tentacruel
|
|upkeep
|
|t:|1776971314
|switch|p1a: Exeggutor|Exeggutor-Alola, L89, M|314/314
|turn|21
|inactive|bady43 has 120 seconds left.
|
|t:|1776971358
|switch|p2a: Klawf|Klawf, L90, F|272/272
|move|p1a: Exeggutor|Calm Mind|p1a: Exeggutor
|-boost|p1a: Exeggutor|spa|1
|-boost|p1a: Exeggutor|spd|1
|
|upkeep
|turn|22
|
|t:|1776971372
|move|p2a: Klawf|Knock Off|p1a: Exeggutor
|-damage|p1a: Exeggutor|237/314
|-enditem|p1a: Exeggutor|Sitrus Berry|[from] move: Knock Off|[of] p2a: Klawf
|move|p1a: Exeggutor|Giga Drain|p2a: Klawf
|-supereffective|p2a: Klawf
|-damage|p2a: Klawf|0 fnt
|-heal|p1a: Exeggutor|314/314|[from] drain|[of] p2a: Klawf
|faint|p2a: Klawf
|
|upkeep
|
|t:|1776971380
|switch|p2a: Jirachi|Jirachi, L80|283/291
|turn|23
|
|t:|1776971388
|move|p2a: Jirachi|Iron Head|p1a: Exeggutor
|-damage|p1a: Exeggutor|235/314
|cant|p1a: Exeggutor|flinch
|
|upkeep
|turn|24
|
|t:|1776971394
|move|p2a: Jirachi|Iron Head|p1a: Exeggutor
|-damage|p1a: Exeggutor|156/314
|cant|p1a: Exeggutor|flinch
|
|upkeep
|turn|25
|
|t:|1776971398
|move|p2a: Jirachi|Iron Head|p1a: Exeggutor
|-damage|p1a: Exeggutor|71/314
|cant|p1a: Exeggutor|flinch
|
|upkeep
|turn|26
|
|t:|1776971403
|move|p2a: Jirachi|Iron Head|p1a: Exeggutor
|-damage|p1a: Exeggutor|0 fnt
|faint|p1a: Exeggutor
|
|upkeep
|
|t:|1776971405
|switch|p1a: Sandslash|Sandslash-Alola, L88, M|275/275
|turn|27
|c|☆bady43|I had no choice
|
|t:|1776971420
|move|p2a: Jirachi|Iron Head|p1a: Sandslash
|-damage|p1a: Sandslash|215/275
|cant|p1a: Sandslash|flinch
|
|-heal|p1a: Sandslash|232/275|[from] item: Leftovers
|upkeep
|turn|28
|
|t:|1776971428
|move|p2a: Jirachi|Iron Head|p1a: Sandslash
|-damage|p1a: Sandslash|168/275
|move|p1a: Sandslash|Rapid Spin|p2a: Jirachi
|-resisted|p2a: Jirachi
|-damage|p2a: Jirachi|264/291
|-boost|p1a: Sandslash|spe|1
|
|-heal|p1a: Sandslash|185/275|[from] item: Leftovers
|upkeep
|turn|29
|-message|Alphamalekitten forfeited.
|
|win|bady43
|raw|Alphamalekitten's rating: 1478 &rarr; <strong>1456</strong><br />(-22 for losing)
|raw|bady43's rating: 1444 &rarr; <strong>1466</strong><br />(+22 for winning)
