|badge|p2|bronze|gen9randombattle|100-9
|uhtml|medal-msg|<div class="broadcast-blue">Curious what those medals under the avatar are? PS now has Ladder Seasons! For more information, check out the <a href="https://www.smogon.com/forums/threads/3740067/">thread on Smogon.</a></div>
|j|‽ciubucvi67%
|j|☆supergriefer101
|t:|1776970553
|gametype|singles
|player|p1|ciubucvi67%|mrfuji-gen3|2250
|player|p2|supergriefer101|aromalady|2305
|gen|9
|tier|[Gen 9] Random Battle
|rated|
|rule|Species Clause: Limit one of each Pokémon
|rule|HP Percentage Mod: HP is shown in percentages
|rule|Sleep Clause Mod: Limit one foe put to sleep
|rule|Illusion Level Mod: Illusion disguises the Pokémon's true level
|
|t:|1776970553
|teamsize|p1|6
|teamsize|p2|6
|start
|switch|p1a: Porygon2|Porygon2, L81|270/270
|switch|p2a: Dragapult|Dragapult, L77, F|262/262
|-ability|p1a: Porygon2|Download|boost
|-boost|p1a: Porygon2|spa|1
|turn|1
|j| erractica
|
|t:|1776970569
|move|p2a: Dragapult|Will-O-Wisp|p1a: Porygon2
|-status|p1a: Porygon2|brn
|move|p1a: Porygon2|Shadow Ball|p2a: Dragapult
|-supereffective|p2a: Dragapult
|-damage|p2a: Dragapult|72/262
|
|-damage|p1a: Porygon2|254/270 brn|[from] brn
|upkeep
|turn|2
|c| erractica|hi
|
|t:|1776970579
|move|p2a: Dragapult|U-turn|p1a: Porygon2
|-damage|p1a: Porygon2|223/270 brn
|
|t:|1776970581
|switch|p2a: Grafaiai|Grafaiai, L86, F|249/249|[from] U-turn
|move|p1a: Porygon2|Thunder Wave|p2a: Grafaiai
|-status|p2a: Grafaiai|par
|
|-damage|p1a: Porygon2|207/270 brn|[from] brn
|upkeep
|turn|3
|c| erractica|i am 1100 elo
|
|t:|1776970593
|move|p1a: Porygon2|Tera Blast|p2a: Grafaiai
|-damage|p2a: Grafaiai|101/249 par
|move|p2a: Grafaiai|Knock Off|p1a: Porygon2
|-damage|p1a: Porygon2|145/270 brn
|-enditem|p1a: Porygon2|Eviolite|[from] move: Knock Off|[of] p2a: Grafaiai
|-damage|p2a: Grafaiai|77/249 par|[from] item: Life Orb
|
|-damage|p1a: Porygon2|129/270 brn|[from] brn
|upkeep
|turn|4
|c| erractica|was curious now this works
|
|t:|1776970600
|move|p1a: Porygon2|Tera Blast|p2a: Grafaiai
|-damage|p2a: Grafaiai|0 fnt
|faint|p2a: Grafaiai
|
|-damage|p1a: Porygon2|113/270 brn|[from] brn
|upkeep
|
|t:|1776970605
|switch|p2a: Pawmot|Pawmot, L80, M|243/243
|turn|5
|n|☆ciubucvi67%|ciubucvi67
|c|☆ciubucvi67%|watch and learn lil bro
|c| erractica|yessir
|
|t:|1776970624
|move|p2a: Pawmot|Revival Blessing|p2a: Pawmot
|-enditem|p2a: Pawmot|Leppa Berry|[eat]
|-activate|p2a: Pawmot|item: Leppa Berry|Revival Blessing|[consumed]
|
|t:|1776970626
|-heal|p2: Grafaiai|124/249|[from] move: Revival Blessing
|move|p1a: Porygon2|Tera Blast|p2a: Pawmot
|-damage|p2a: Pawmot|59/243
|
|-damage|p1a: Porygon2|97/270 brn|[from] brn
|upkeep
|turn|6
|
|t:|1776970633
|move|p2a: Pawmot|Double Shock|p1a: Porygon2
|-damage|p1a: Porygon2|0 fnt
|-start|p2a: Pawmot|typechange|???/Fighting|[from] move: Double Shock
|faint|p1a: Porygon2
|
|upkeep
|
|t:|1776970643
|switch|p1a: Sandy Shocks|Sandy Shocks, L80|267/267
|turn|7
|
|t:|1776970652
|move|p2a: Pawmot|Close Combat|p1a: Sandy Shocks
|-crit|p1a: Sandy Shocks
|-damage|p1a: Sandy Shocks|72/267
|-unboost|p2a: Pawmot|def|1
|-unboost|p2a: Pawmot|spd|1
|move|p1a: Sandy Shocks|Earth Power|p2a: Pawmot
|-damage|p2a: Pawmot|0 fnt
|faint|p2a: Pawmot
|
|upkeep
|
|t:|1776970660
|switch|p2a: Dragapult|Dragapult, L77, F|72/262
|turn|8
|
|t:|1776970667
|-end|p1a: Sandy Shocks|Protosynthesis|[silent]
|switch|p1a: Eelektross|Eelektross, L87, M|290/290
|move|p2a: Dragapult|Dragon Darts|p1a: Eelektross
|-damage|p1a: Eelektross|236/290
|-anim|p2a: Dragapult|Dragon Darts|p1a: Eelektross
|-crit|p1a: Eelektross
|-damage|p1a: Eelektross|152/290
|
|-heal|p1a: Eelektross|170/290|[from] item: Leftovers
|upkeep
|turn|9
|
|t:|1776970673
|move|p2a: Dragapult|U-turn|p1a: Eelektross
|-damage|p1a: Eelektross|123/290
|
|t:|1776970675
|switch|p2a: Dedenne|Dedenne, L88, M|261/261|[from] U-turn
|move|p1a: Eelektross|Supercell Slam|p2a: Dedenne
|-resisted|p2a: Dedenne
|-damage|p2a: Dedenne|173/261
|
|-heal|p1a: Eelektross|141/290|[from] item: Leftovers
|upkeep
|turn|10
|
|t:|1776970683
|move|p2a: Dedenne|Dazzling Gleam|p1a: Eelektross
|-damage|p1a: Eelektross|50/290
|move|p1a: Eelektross|Fire Punch|p2a: Dedenne
|-damage|p2a: Dedenne|89/261
|-enditem|p2a: Dedenne|Sitrus Berry|[eat]
|-heal|p2a: Dedenne|154/261|[from] item: Sitrus Berry
|-heal|p2a: Dedenne|241/261|[from] ability: Cheek Pouch
|
|-heal|p1a: Eelektross|68/290|[from] item: Leftovers
|upkeep
|turn|11
|
|t:|1776970690
|move|p2a: Dedenne|Dazzling Gleam|p1a: Eelektross
|-crit|p1a: Eelektross
|-damage|p1a: Eelektross|0 fnt
|faint|p1a: Eelektross
|
|upkeep
|
|t:|1776970703
|switch|p1a: Scovillain|Scovillain, L91, M|266/266
|turn|12
|
|t:|1776970712
|move|p2a: Dedenne|U-turn|p1a: Scovillain
|-damage|p1a: Scovillain|220/266
|
|t:|1776970716
|switch|p2a: Pelipper|Pelipper, L86, M|243/243|[from] U-turn
|-weather|RainDance|[from] ability: Drizzle|[of] p2a: Pelipper
|move|p1a: Scovillain|Leech Seed|p2a: Pelipper|[miss]
|-miss|p1a: Scovillain|p2a: Pelipper
|
|-weather|RainDance|[upkeep]
|-heal|p1a: Scovillain|236/266|[from] item: Leftovers
|upkeep
|turn|13
|c|☆ciubucvi67%|see
|c|☆ciubucvi67%|this is how you win games
|
|t:|1776970728
|move|p1a: Scovillain|Protect|p1a: Scovillain
|-singleturn|p1a: Scovillain|Protect
|move|p2a: Pelipper|Hurricane|p1a: Scovillain
|-activate|p1a: Scovillain|move: Protect
|
|-weather|RainDance|[upkeep]
|-heal|p1a: Scovillain|252/266|[from] item: Leftovers
|upkeep
|turn|14
|c| erractica|im taking notes sir
|c|☆supergriefer101|yep
|
|t:|1776970736
|move|p1a: Scovillain|Substitute|p1a: Scovillain
|-start|p1a: Scovillain|Substitute
|-damage|p1a: Scovillain|186/266
|move|p2a: Pelipper|Hurricane|p1a: Scovillain
|-supereffective|p1a: Scovillain
|-end|p1a: Scovillain|Substitute
|
|-weather|RainDance|[upkeep]
|-heal|p1a: Scovillain|202/266|[from] item: Leftovers
|upkeep
|turn|15
|
|t:|1776970745
|move|p1a: Scovillain|Protect|p1a: Scovillain
|-singleturn|p1a: Scovillain|Protect
|move|p2a: Pelipper|Hurricane|p1a: Scovillain
|-activate|p1a: Scovillain|move: Protect
|
|-weather|RainDance|[upkeep]
|-heal|p1a: Scovillain|218/266|[from] item: Leftovers
|upkeep
|turn|16
|
|t:|1776970755
|move|p1a: Scovillain|Substitute|p1a: Scovillain
|-start|p1a: Scovillain|Substitute
|-damage|p1a: Scovillain|152/266
|move|p2a: Pelipper|Hurricane|p1a: Scovillain
|-supereffective|p1a: Scovillain
|-end|p1a: Scovillain|Substitute
|
|-weather|none
|-heal|p1a: Scovillain|168/266|[from] item: Leftovers
|upkeep
|turn|17
|
|t:|1776970760
|move|p1a: Scovillain|Protect|p1a: Scovillain
|-singleturn|p1a: Scovillain|Protect
|move|p2a: Pelipper|Hydro Pump|p1a: Scovillain
|-activate|p1a: Scovillain|move: Protect
|
|-heal|p1a: Scovillain|184/266|[from] item: Leftovers
|upkeep
|turn|18
|
|t:|1776970768
|move|p1a: Scovillain|Leech Seed|p2a: Pelipper|[miss]
|-miss|p1a: Scovillain|p2a: Pelipper
|move|p2a: Pelipper|Hydro Pump|p1a: Scovillain|[miss]
|-miss|p2a: Pelipper|p1a: Scovillain
|
|-heal|p1a: Scovillain|200/266|[from] item: Leftovers
|upkeep
|turn|19
|
|t:|1776970775
|move|p1a: Scovillain|Protect|p1a: Scovillain
|-singleturn|p1a: Scovillain|Protect
|move|p2a: Pelipper|U-turn|p1a: Scovillain
|-activate|p1a: Scovillain|move: Protect
|
|-heal|p1a: Scovillain|216/266|[from] item: Leftovers
|upkeep
|turn|20
|c|☆ciubucvi67%|anyone can do it
|
|t:|1776970782
|move|p1a: Scovillain|Leech Seed|p2a: Pelipper|[miss]
|-miss|p1a: Scovillain|p2a: Pelipper
|move|p2a: Pelipper|Hurricane|p1a: Scovillain|[miss]
|-miss|p2a: Pelipper|p1a: Scovillain
|
|-heal|p1a: Scovillain|232/266|[from] item: Leftovers
|upkeep
|turn|21
|c|☆supergriefer101|pokemon is a good game
|
|t:|1776970803
|move|p1a: Scovillain|Protect|p1a: Scovillain
|-singleturn|p1a: Scovillain|Protect
|move|p2a: Pelipper|Hydro Pump|p1a: Scovillain
|-activate|p1a: Scovillain|move: Protect
|
|-heal|p1a: Scovillain|248/266|[from] item: Leftovers
|upkeep
|turn|22
|
|t:|1776970813
|move|p1a: Scovillain|Leech Seed|p2a: Pelipper
|-start|p2a: Pelipper|move: Leech Seed
|move|p2a: Pelipper|Hurricane|p1a: Scovillain
|-supereffective|p1a: Scovillain
|-damage|p1a: Scovillain|0 fnt
|faint|p1a: Scovillain
|
|upkeep
|
|t:|1776970817
|switch|p1a: Chi-Yu|Chi-Yu, L77|211/211
|-ability|p1a: Chi-Yu|Beads of Ruin
|turn|23
|c| erractica|oh i know, ive been here for 2 years playing randoms during lecture
|
|t:|1776970828
|switch|p2a: Dedenne|Dedenne, L88, M|241/261
|move|p1a: Chi-Yu|Nasty Plot|p1a: Chi-Yu
|-boost|p1a: Chi-Yu|spa|2
|
|upkeep
|turn|24
|
|t:|1776970842
|move|p2a: Dedenne|Nuzzle|p1a: Chi-Yu
|-damage|p1a: Chi-Yu|190/211
|-status|p1a: Chi-Yu|par
|move|p1a: Chi-Yu|Fire Blast|p2a: Dedenne
|-damage|p2a: Dedenne|0 fnt
|faint|p2a: Dedenne
|
|upkeep
|
|t:|1776970847
|switch|p2a: Pelipper|Pelipper, L86, M|243/243
|-weather|RainDance|[from] ability: Drizzle|[of] p2a: Pelipper
|turn|25
|
|t:|1776970851
|move|p2a: Pelipper|Hydro Pump|p1a: Chi-Yu
|-supereffective|p1a: Chi-Yu
|-damage|p1a: Chi-Yu|0 fnt
|faint|p1a: Chi-Yu
|
|-weather|RainDance|[upkeep]
|upkeep
|
|t:|1776970853
|switch|p1a: Sandy Shocks|Sandy Shocks, L80|72/267
|turn|26
|
|t:|1776970861
|switch|p2a: Cresselia|Cresselia, L80, F|323/323
|move|p1a: Sandy Shocks|Volt Switch|p2a: Cresselia
|-damage|p2a: Cresselia|254/323
|
|t:|1776970864
|-end|p1a: Sandy Shocks|Protosynthesis|[silent]
|switch|p1a: Malamar|Malamar, L82, F|275/275|[from] Volt Switch
|
|-weather|RainDance|[upkeep]
|-heal|p2a: Cresselia|274/323|[from] item: Leftovers
|upkeep
|turn|27
|
|t:|1776970885
|switch|p2a: Grafaiai|Grafaiai, L86, F|124/249
|move|p1a: Malamar|Superpower|p2a: Grafaiai
|-damage|p2a: Grafaiai|27/249
|-boost|p1a: Malamar|atk|1
|-boost|p1a: Malamar|def|1
|
|-weather|RainDance|[upkeep]
|upkeep
|turn|28
|
|t:|1776970889
|move|p2a: Grafaiai|Knock Off|p1a: Malamar
|-damage|p1a: Malamar|207/275
|-enditem|p1a: Malamar|Leftovers|[from] move: Knock Off|[of] p2a: Grafaiai
|-damage|p2a: Grafaiai|3/249|[from] item: Life Orb
|move|p1a: Malamar|Superpower|p2a: Grafaiai
|-damage|p2a: Grafaiai|0 fnt
|-boost|p1a: Malamar|atk|1
|-boost|p1a: Malamar|def|1
|faint|p2a: Grafaiai
|
|-weather|RainDance|[upkeep]
|upkeep
|
|t:|1776970921
|switch|p2a: Pelipper|Pelipper, L86, M|243/243
|turn|29
|
|t:|1776970929
|move|p1a: Malamar|Superpower|p2a: Pelipper
|-resisted|p2a: Pelipper
|-damage|p2a: Pelipper|174/243
|-boost|p1a: Malamar|atk|1
|-boost|p1a: Malamar|def|1
|move|p2a: Pelipper|Hydro Pump|p1a: Malamar
|-damage|p1a: Malamar|0 fnt
|faint|p1a: Malamar
|
|-weather|none
|upkeep
|c|☆ciubucvi67%|and he got the roll
|c|☆ciubucvi67%|gg
|c|☆ciubucvi67%|lesson learned lil bro ?
|
|t:|1776970948
|switch|p1a: Sandy Shocks|Sandy Shocks, L80|72/267
|turn|30
|c|☆ciubucvi67%|when the game wants your opponent to win, they will
|
|t:|1776970974
|-terastallize|p2a: Pelipper|Ground
|move|p1a: Sandy Shocks|Thunderbolt|p2a: Pelipper
|-immune|p2a: Pelipper
|move|p2a: Pelipper|Hurricane|p1a: Sandy Shocks
|-resisted|p1a: Sandy Shocks
|-damage|p1a: Sandy Shocks|2/267
|-start|p1a: Sandy Shocks|confusion
|
|upkeep
|turn|31
|
|t:|1776970979
|-activate|p1a: Sandy Shocks|confusion
|-damage|p1a: Sandy Shocks|0 fnt|[from] confusion
|faint|p1a: Sandy Shocks
|-end|p1a: Sandy Shocks|Protosynthesis|[silent]
|
|win|supergriefer101
|raw|ciubucvi67%'s rating: 2250 &rarr; <strong>2233</strong><br />(-17 for losing)
|raw|supergriefer101's rating: 2305 &rarr; <strong>2322</strong><br />(+17 for winning)
|c|☆supergriefer101|gg
|c|☆supergriefer101|great display
|c|☆ciubucvi67%|gg
|c|☆ciubucvi67%|valuable teaching
|c| erractica|ggs
