|j|☆crushour
|j|☆manofcheese144
|t:|1772745450
|gametype|singles
|player|p1|crushour|101|1513
|player|p2|manofcheese144|gentleman-gen4dp|1556
|gen|9
|tier|[Gen 9] Random Battle
|rated|
|rule|Species Clause: Limit one of each Pokémon
|rule|HP Percentage Mod: HP is shown in percentages
|rule|Sleep Clause Mod: Limit one foe put to sleep
|rule|Illusion Level Mod: Illusion disguises the Pokémon's true level
|
|t:|1772745450
|teamsize|p1|6
|teamsize|p2|6
|start
|switch|p1a: Okidogi|Okidogi, L77, M|262/262
|switch|p2a: Garchomp|Garchomp, L74, M|282/282
|turn|1
|inactive|Battle timer is ON: inactive players will automatically lose when time's up. (requested by manofcheese144)
|
|t:|1772745475
|switch|p1a: Landorus|Landorus-Therian, L76, M|260/260
|-ability|p1a: Landorus|Intimidate|boost
|-unboost|p2a: Garchomp|atk|1
|move|p2a: Garchomp|Stealth Rock|p1a: Landorus
|-sidestart|p1: crushour|move: Stealth Rock
|
|upkeep
|turn|2
|
|t:|1772745484
|move|p2a: Garchomp|Spikes|p1a: Landorus
|-sidestart|p1: crushour|Spikes
|move|p1a: Landorus|U-turn|p2a: Garchomp
|-damage|p2a: Garchomp|226/282
|-damage|p1a: Landorus|228/260|[from] ability: Rough Skin|[of] p2a: Garchomp
|-damage|p1a: Landorus|185/260|[from] item: Rocky Helmet|[of] p2a: Garchomp
|
|t:|1772745493
|switch|p1a: Arceus|Arceus-Ice, L73|295/295|[from] U-turn
|-damage|p1a: Arceus|222/295|[from] Stealth Rock
|-damage|p1a: Arceus|186/295|[from] Spikes
|
|upkeep
|turn|3
|
|t:|1772745500
|switch|p2a: Wyrdeer|Wyrdeer, L87, M|321/321
|-ability|p2a: Wyrdeer|Intimidate|boost
|-unboost|p1a: Arceus|atk|1
|move|p1a: Arceus|Recover|p1a: Arceus
|-heal|p1a: Arceus|295/295
|
|upkeep
|turn|4
|
|t:|1772745504
|move|p1a: Arceus|Calm Mind|p1a: Arceus
|-boost|p1a: Arceus|spa|1
|-boost|p1a: Arceus|spd|1
|move|p2a: Wyrdeer|Thunder Wave|p1a: Arceus
|-status|p1a: Arceus|par
|
|upkeep
|turn|5
|
|t:|1772745508
|move|p2a: Wyrdeer|Body Slam|p1a: Arceus
|-damage|p1a: Arceus|199/295 par
|cant|p1a: Arceus|par
|
|upkeep
|turn|6
|
|t:|1772745512
|move|p2a: Wyrdeer|Psychic Noise|p1a: Arceus
|-damage|p1a: Arceus|144/295 par
|-start|p1a: Arceus|move: Heal Block
|cant|p1a: Arceus|move: Heal Block|Recover
|
|upkeep
|turn|7
|
|t:|1772745517
|move|p2a: Wyrdeer|Body Slam|p1a: Arceus
|-damage|p1a: Arceus|53/295 par
|move|p1a: Arceus|Judgment|p2a: Wyrdeer
|-damage|p2a: Wyrdeer|129/321
|
|-heal|p2a: Wyrdeer|149/321|[from] item: Leftovers
|-end|p1a: Arceus|move: Heal Block
|upkeep
|turn|8
|
|t:|1772745522
|move|p2a: Wyrdeer|Psychic Noise|p1a: Arceus
|-damage|p1a: Arceus|0 fnt
|faint|p1a: Arceus
|
|-heal|p2a: Wyrdeer|169/321|[from] item: Leftovers
|upkeep
|
|t:|1772745530
|switch|p1a: Iron Hands|Iron Hands, L79|373/373
|-damage|p1a: Iron Hands|350/373|[from] Stealth Rock
|-damage|p1a: Iron Hands|304/373|[from] Spikes
|turn|9
|
|t:|1772745536
|move|p2a: Wyrdeer|Psychic Noise|p1a: Iron Hands
|-supereffective|p1a: Iron Hands
|-damage|p1a: Iron Hands|146/373
|-start|p1a: Iron Hands|move: Heal Block
|cant|p1a: Iron Hands|move: Heal Block|Drain Punch
|
|-heal|p2a: Wyrdeer|189/321|[from] item: Leftovers
|upkeep
|turn|10
|
|t:|1772745544
|move|p2a: Wyrdeer|Psychic Noise|p1a: Iron Hands
|-supereffective|p1a: Iron Hands
|-damage|p1a: Iron Hands|0 fnt
|faint|p1a: Iron Hands
|-end|p1a: Iron Hands|Quark Drive|[silent]
|
|-heal|p2a: Wyrdeer|209/321|[from] item: Leftovers
|upkeep
|
|t:|1772745547
|switch|p1a: Leafeon|Leafeon, L88, M|258/258
|-damage|p1a: Leafeon|226/258|[from] Stealth Rock
|-damage|p1a: Leafeon|194/258|[from] Spikes
|turn|11
|
|t:|1772745552
|move|p1a: Leafeon|Knock Off|p2a: Wyrdeer
|-supereffective|p2a: Wyrdeer
|-damage|p2a: Wyrdeer|0 fnt
|-enditem|p2a: Wyrdeer|Leftovers|[from] move: Knock Off|[of] p1a: Leafeon
|faint|p2a: Wyrdeer
|-damage|p1a: Leafeon|169/258|[from] item: Life Orb
|
|upkeep
|
|t:|1772745554
|switch|p2a: Garchomp|Garchomp, L74, M|226/282
|turn|12
|
|t:|1772745560
|move|p1a: Leafeon|Swords Dance|p1a: Leafeon
|-boost|p1a: Leafeon|atk|2
|move|p2a: Garchomp|Spikes|p1a: Leafeon
|-sidestart|p1: crushour|Spikes
|
|upkeep
|turn|13
|
|t:|1772745563
|move|p1a: Leafeon|Leaf Blade|p2a: Garchomp
|-damage|p2a: Garchomp|0 fnt
|-damage|p1a: Leafeon|137/258|[from] ability: Rough Skin|[of] p2a: Garchomp
|-damage|p1a: Leafeon|94/258|[from] item: Rocky Helmet|[of] p2a: Garchomp
|faint|p2a: Garchomp
|-damage|p1a: Leafeon|69/258|[from] item: Life Orb
|
|upkeep
|
|t:|1772745566
|switch|p2a: Hawlucha|Hawlucha, L80, M|256/256
|turn|14
|
|t:|1772745571
|move|p2a: Hawlucha|Brave Bird|p1a: Leafeon
|-supereffective|p1a: Leafeon
|-damage|p1a: Leafeon|0 fnt
|faint|p1a: Leafeon
|-damage|p2a: Hawlucha|233/256|[from] Recoil
|
|upkeep
|
|t:|1772745576
|switch|p1a: Landorus|Landorus-Therian, L76, M|185/260
|-damage|p1a: Landorus|153/260|[from] Stealth Rock
|-ability|p1a: Landorus|Intimidate|boost
|-unboost|p2a: Hawlucha|atk|1
|-enditem|p2a: Hawlucha|White Herb
|-clearnegativeboost|p2a: Hawlucha|[silent]
|turn|15
|
|t:|1772745581
|move|p2a: Hawlucha|Brave Bird|p1a: Landorus
|-damage|p1a: Landorus|24/260
|-damage|p2a: Hawlucha|190/256|[from] Recoil
|move|p1a: Landorus|Stone Edge|p2a: Hawlucha|[miss]
|-miss|p1a: Landorus|p2a: Hawlucha
|
|-heal|p1a: Landorus|40/260|[from] item: Leftovers
|upkeep
|turn|16
|
|t:|1772745584
|move|p2a: Hawlucha|Brave Bird|p1a: Landorus
|-damage|p1a: Landorus|0 fnt
|faint|p1a: Landorus
|-damage|p2a: Hawlucha|177/256|[from] Recoil
|
|upkeep
|
|t:|1772745589
|switch|p1a: Bellossom|Bellossom, L84, M|263/263
|-damage|p1a: Bellossom|231/263|[from] Stealth Rock
|-damage|p1a: Bellossom|188/263|[from] Spikes
|turn|17
|
|t:|1772745592
|move|p2a: Hawlucha|Brave Bird|p1a: Bellossom
|-supereffective|p1a: Bellossom
|-damage|p1a: Bellossom|0 fnt
|faint|p1a: Bellossom
|-damage|p2a: Hawlucha|115/256|[from] Recoil
|
|upkeep
|
|t:|1772745594
|switch|p1a: Okidogi|Okidogi, L77, M|262/262
|-damage|p1a: Okidogi|246/262|[from] Stealth Rock
|-damage|p1a: Okidogi|203/262|[from] Spikes
|turn|18
|
|t:|1772745601
|-terastallize|p1a: Okidogi|Dark
|move|p2a: Hawlucha|Brave Bird|p1a: Okidogi
|-damage|p1a: Okidogi|104/262
|-damage|p2a: Hawlucha|82/256|[from] Recoil
|move|p1a: Okidogi|Drain Punch|p2a: Hawlucha
|-resisted|p2a: Hawlucha
|-damage|p2a: Hawlucha|35/256
|-heal|p1a: Okidogi|128/262|[from] drain|[of] p2a: Hawlucha
|
|-heal|p1a: Okidogi|144/262|[from] item: Leftovers
|upkeep
|turn|19
|
|t:|1772745606
|move|p2a: Hawlucha|Close Combat|p1a: Okidogi
|-supereffective|p1a: Okidogi
|-damage|p1a: Okidogi|0 fnt
|-unboost|p2a: Hawlucha|def|1
|-unboost|p2a: Hawlucha|spd|1
|faint|p1a: Okidogi
|
|win|manofcheese144
|raw|crushour's rating: 1513 &rarr; <strong>1495</strong><br />(-18 for losing)
|raw|manofcheese144's rating: 1556 &rarr; <strong>1574</strong><br />(+18 for winning)
|l|☆crushour
|player|p1|
|c|☆manofcheese144|gg
