|j|☆jronclad
|j|☆WhereIsMyMime
|t:|1772745048
|gametype|singles
|player|p1|jronclad|265|1913
|player|p2|WhereIsMyMime|koga|1968
|gen|9
|tier|[Gen 9] Random Battle
|rated|
|rule|Species Clause: Limit one of each Pokémon
|rule|HP Percentage Mod: HP is shown in percentages
|rule|Sleep Clause Mod: Limit one foe put to sleep
|rule|Illusion Level Mod: Illusion disguises the Pokémon's true level
|
|t:|1772745048
|teamsize|p1|6
|teamsize|p2|6
|start
|switch|p1a: Crabominable|Crabominable, L90, M|321/321
|switch|p2a: Jumpluff|Jumpluff, L87, F|271/271
|turn|1
|inactive|Battle timer is ON: inactive players will automatically lose when time's up. (requested by WhereIsMyMime)
|c|☆jronclad|glhf
|
|t:|1772745079
|switch|p2a: Gholdengo|Gholdengo, L77|261/261
|move|p1a: Crabominable|Ice Hammer|p2a: Gholdengo
|-resisted|p2a: Gholdengo
|-damage|p2a: Gholdengo|126/261
|-unboost|p1a: Crabominable|spe|1
|
|-heal|p2a: Gholdengo|142/261|[from] item: Leftovers
|upkeep
|turn|2
|
|t:|1772745091
|switch|p1a: Jolteon|Jolteon, L84, F|246/246
|move|p2a: Gholdengo|Thunder Wave|p1a: Jolteon
|-immune|p1a: Jolteon|[from] ability: Volt Absorb
|
|-heal|p2a: Gholdengo|158/261|[from] item: Leftovers
|upkeep
|turn|3
|
|t:|1772745101
|switch|p2a: Sceptile|Sceptile, L87, F|264/264
|move|p1a: Jolteon|Calm Mind|p1a: Jolteon
|-boost|p1a: Jolteon|spa|1
|-boost|p1a: Jolteon|spd|1
|
|upkeep
|turn|4
|
|t:|1772745108
|move|p1a: Jolteon|Substitute|p1a: Jolteon
|-start|p1a: Jolteon|Substitute
|-damage|p1a: Jolteon|185/246
|move|p2a: Sceptile|Earthquake|p1a: Jolteon
|-supereffective|p1a: Jolteon
|-end|p1a: Jolteon|Substitute
|-damage|p2a: Sceptile|238/264|[from] item: Life Orb
|
|-heal|p1a: Jolteon|200/246|[from] item: Leftovers
|upkeep
|turn|5
|
|t:|1772745119
|switch|p2a: Grimmsnarl|Grimmsnarl, L83, M|293/293
|-terastallize|p1a: Jolteon|Ice
|move|p1a: Jolteon|Tera Blast|p2a: Grimmsnarl|[anim] Tera Blast Ice
|-damage|p2a: Grimmsnarl|146/293
|
|-heal|p1a: Jolteon|215/246|[from] item: Leftovers
|-heal|p2a: Grimmsnarl|164/293|[from] item: Leftovers
|upkeep
|turn|6
|
|t:|1772745128
|move|p2a: Grimmsnarl|Parting Shot|p1a: Jolteon
|-unboost|p1a: Jolteon|atk|1
|-unboost|p1a: Jolteon|spa|1
|
|t:|1772745146
|switch|p2a: Jumpluff|Jumpluff, L87, F|271/271|[from] Parting Shot
|move|p1a: Jolteon|Calm Mind|p1a: Jolteon
|-boost|p1a: Jolteon|spa|1
|-boost|p1a: Jolteon|spd|1
|
|-heal|p1a: Jolteon|230/246|[from] item: Leftovers
|upkeep
|turn|7
|
|t:|1772745157
|-terastallize|p2a: Jumpluff|Steel
|move|p1a: Jolteon|Thunderbolt|p2a: Jumpluff
|-damage|p2a: Jumpluff|136/271
|move|p2a: Jumpluff|Leech Seed|p1a: Jolteon
|-start|p1a: Jolteon|move: Leech Seed
|
|-heal|p1a: Jolteon|245/246|[from] item: Leftovers
|-damage|p1a: Jolteon|215/246|[from] Leech Seed|[of] p2a: Jumpluff
|-heal|p2a: Jumpluff|166/271|[silent]
|upkeep
|turn|8
|
|t:|1772745168
|move|p1a: Jolteon|Thunderbolt|p2a: Jumpluff
|-crit|p2a: Jumpluff
|-damage|p2a: Jumpluff|0 fnt
|faint|p2a: Jumpluff
|
|-heal|p1a: Jolteon|230/246|[from] item: Leftovers
|upkeep
|
|t:|1772745176
|switch|p2a: Gholdengo|Gholdengo, L77|158/261
|turn|9
|
|t:|1772745181
|move|p1a: Jolteon|Calm Mind|p1a: Jolteon
|-boost|p1a: Jolteon|spa|1
|-boost|p1a: Jolteon|spd|1
|move|p2a: Gholdengo|Make It Rain|p1a: Jolteon
|-supereffective|p1a: Jolteon
|-damage|p1a: Jolteon|120/246
|-unboost|p2a: Gholdengo|spa|1
|
|-heal|p1a: Jolteon|135/246|[from] item: Leftovers
|-heal|p2a: Gholdengo|174/261|[from] item: Leftovers
|-damage|p1a: Jolteon|105/246|[from] Leech Seed|[of] p2a: Gholdengo
|-heal|p2a: Gholdengo|204/261|[silent]
|upkeep
|turn|10
|
|t:|1772745192
|move|p1a: Jolteon|Thunderbolt|p2a: Gholdengo
|-damage|p2a: Gholdengo|0 fnt
|faint|p2a: Gholdengo
|
|-heal|p1a: Jolteon|120/246|[from] item: Leftovers
|upkeep
|
|t:|1772745201
|switch|p2a: Grimmsnarl|Grimmsnarl, L83, M|164/293
|turn|11
|
|t:|1772745205
|move|p2a: Grimmsnarl|Parting Shot|p1a: Jolteon
|-unboost|p1a: Jolteon|atk|1
|-unboost|p1a: Jolteon|spa|1
|
|t:|1772745208
|switch|p2a: Sceptile|Sceptile, L87, F|238/264|[from] Parting Shot
|move|p1a: Jolteon|Tera Blast|p2a: Sceptile|[anim] Tera Blast Ice
|-supereffective|p2a: Sceptile
|-damage|p2a: Sceptile|0 fnt
|faint|p2a: Sceptile
|
|-heal|p1a: Jolteon|135/246|[from] item: Leftovers
|upkeep
|
|t:|1772745213
|switch|p2a: Grimmsnarl|Grimmsnarl, L83, M|164/293
|turn|12
|
|t:|1772745220
|move|p1a: Jolteon|Substitute|p1a: Jolteon
|-start|p1a: Jolteon|Substitute
|-damage|p1a: Jolteon|74/246
|move|p2a: Grimmsnarl|Spirit Break|p1a: Jolteon
|-end|p1a: Jolteon|Substitute
|
|-heal|p1a: Jolteon|89/246|[from] item: Leftovers
|-heal|p2a: Grimmsnarl|182/293|[from] item: Leftovers
|-damage|p1a: Jolteon|59/246|[from] Leech Seed|[of] p2a: Grimmsnarl
|-heal|p2a: Grimmsnarl|212/293|[silent]
|upkeep
|turn|13
|
|t:|1772745225
|move|p1a: Jolteon|Thunderbolt|p2a: Grimmsnarl
|-damage|p2a: Grimmsnarl|19/293
|move|p2a: Grimmsnarl|Spirit Break|p1a: Jolteon
|-damage|p1a: Jolteon|0 fnt
|faint|p1a: Jolteon
|
|-heal|p2a: Grimmsnarl|37/293|[from] item: Leftovers
|upkeep
|
|t:|1772745236
|switch|p1a: Magnezone|Magnezone, L85|258/258
|turn|14
|
|t:|1772745247
|move|p1a: Magnezone|Thunderbolt|p2a: Grimmsnarl
|-damage|p2a: Grimmsnarl|0 fnt
|faint|p2a: Grimmsnarl
|
|upkeep
|
|t:|1772745255
|switch|p2a: Urshifu|Urshifu-Rapid-Strike, L75, M|274/274
|turn|15
|
|t:|1772745272
|move|p2a: Urshifu|Close Combat|p1a: Magnezone
|-supereffective|p1a: Magnezone
|-damage|p1a: Magnezone|0 fnt
|-unboost|p2a: Urshifu|def|1
|-unboost|p2a: Urshifu|spd|1
|faint|p1a: Magnezone
|
|upkeep
|
|t:|1772745274
|switch|p1a: Slowking|Slowking-Galar, L85, F|300/300
|turn|16
|
|t:|1772745283
|switch|p2a: Oricorio|Oricorio-Pa'u, L87, F|272/272
|move|p1a: Slowking|Sludge Bomb|p2a: Oricorio
|-damage|p2a: Oricorio|148/272
|
|upkeep
|turn|17
|
|t:|1772745299
|switch|p1a: Baxcalibur|Baxcalibur, L75, M|296/296
|move|p2a: Oricorio|Quiver Dance|p2a: Oricorio
|-boost|p2a: Oricorio|spa|1
|-boost|p2a: Oricorio|spd|1
|-boost|p2a: Oricorio|spe|1
|
|upkeep
|turn|18
|
|t:|1772745307
|move|p2a: Oricorio|Revelation Dance|p1a: Baxcalibur
|-damage|p1a: Baxcalibur|131/296
|move|p1a: Baxcalibur|Icicle Crash|p2a: Oricorio|[miss]
|-miss|p1a: Baxcalibur|p2a: Oricorio
|
|upkeep
|turn|19
|
|t:|1772745317
|move|p2a: Oricorio|Revelation Dance|p1a: Baxcalibur
|-damage|p1a: Baxcalibur|0 fnt
|faint|p1a: Baxcalibur
|
|upkeep
|
|t:|1772745320
|switch|p1a: Slowking|Slowking-Galar, L85, F|300/300
|turn|20
|inactive|WhereIsMyMime has 120 seconds left.
|
|t:|1772745351
|move|p2a: Oricorio|Roost|p2a: Oricorio
|-heal|p2a: Oricorio|272/272
|-singleturn|p2a: Oricorio|move: Roost
|move|p1a: Slowking|Sludge Bomb|p2a: Oricorio
|-damage|p2a: Oricorio|193/272
|
|upkeep
|turn|21
|
|t:|1772745355
|move|p2a: Oricorio|Quiver Dance|p2a: Oricorio
|-boost|p2a: Oricorio|spa|1
|-boost|p2a: Oricorio|spd|1
|-boost|p2a: Oricorio|spe|1
|move|p1a: Slowking|Sludge Bomb|p2a: Oricorio
|-damage|p2a: Oricorio|126/272
|
|upkeep
|turn|22
|
|t:|1772745359
|move|p2a: Oricorio|Hurricane|p1a: Slowking|[miss]
|-miss|p2a: Oricorio|p1a: Slowking
|move|p1a: Slowking|Sludge Bomb|p2a: Oricorio
|-damage|p2a: Oricorio|66/272
|
|upkeep
|turn|23
|
|t:|1772745364
|move|p2a: Oricorio|Roost|p2a: Oricorio
|-heal|p2a: Oricorio|202/272
|-singleturn|p2a: Oricorio|move: Roost
|move|p1a: Slowking|Sludge Bomb|p2a: Oricorio
|-damage|p2a: Oricorio|138/272
|
|upkeep
|turn|24
|
|t:|1772745368
|move|p2a: Oricorio|Revelation Dance|p1a: Slowking
|-damage|p1a: Slowking|134/300
|move|p1a: Slowking|Sludge Bomb|p2a: Oricorio
|-damage|p2a: Oricorio|78/272
|
|-heal|p1a: Slowking|152/300|[from] item: Leftovers
|upkeep
|turn|25
|
|t:|1772745372
|move|p2a: Oricorio|Revelation Dance|p1a: Slowking
|-damage|p1a: Slowking|0 fnt
|faint|p1a: Slowking
|
|upkeep
|-message|jronclad forfeited.
|
|win|WhereIsMyMime
|raw|jronclad's rating: 1913 &rarr; <strong>1896</strong><br />(-17 for losing)
|raw|WhereIsMyMime's rating: 1968 &rarr; <strong>1985</strong><br />(+17 for winning)
|l|☆jronclad
|player|p1|
