|j|☆Nocta55
|j|☆Cev9
|t:|1776975569
|gametype|singles
|player|p1|Nocta55|brycen|1753
|player|p2|Cev9|1|1735
|gen|9
|tier|[Gen 9] Random Battle
|rated|
|rule|Species Clause: Limit one of each Pokémon
|rule|HP Percentage Mod: HP is shown in percentages
|rule|Sleep Clause Mod: Limit one foe put to sleep
|rule|Illusion Level Mod: Illusion disguises the Pokémon's true level
|
|t:|1776975569
|teamsize|p1|6
|teamsize|p2|6
|start
|switch|p1a: Talonflame|Talonflame, L83, F|265/265
|switch|p2a: Trevenant|Trevenant, L89, M|296/296
|turn|1
|inactive|Battle timer is ON: inactive players will automatically lose when time's up. (requested by Cev9)
|
|t:|1776975576
|switch|p2a: Diancie|Diancie, L82|216/216
|move|p1a: Talonflame|Swords Dance|p1a: Talonflame
|-boost|p1a: Talonflame|atk|2
|
|upkeep
|turn|2
|
|t:|1776975590
|-terastallize|p1a: Talonflame|Ground
|move|p1a: Talonflame|Tera Blast|p2a: Diancie|[anim] Tera Blast Ground
|-supereffective|p2a: Diancie
|-damage|p2a: Diancie|34/216
|move|p2a: Diancie|Diamond Storm|p1a: Talonflame
|-resisted|p1a: Talonflame
|-damage|p1a: Talonflame|202/265
|-boost|p2a: Diancie|def|2
|
|-heal|p2a: Diancie|47/216|[from] item: Leftovers
|upkeep
|turn|3
|inactive|Cev9 has 120 seconds left.
|
|t:|1776975633
|move|p1a: Talonflame|Tera Blast|p2a: Diancie|[anim] Tera Blast Ground
|-supereffective|p2a: Diancie
|-damage|p2a: Diancie|0 fnt
|faint|p2a: Diancie
|
|upkeep
|
|t:|1776975634
|switch|p2a: Slaking|Slaking, L84, F|389/389
|turn|4
|
|t:|1776975644
|switch|p1a: Sableye|Sableye, L88, F|231/231
|move|p2a: Slaking|Double-Edge|p1a: Sableye
|-immune|p1a: Sableye
|
|upkeep
|turn|5
|
|t:|1776975654
|switch|p2a: Dragalge|Dragalge, L88, M|258/258
|move|p1a: Sableye|Knock Off|p2a: Dragalge
|-crit|p2a: Dragalge
|-damage|p2a: Dragalge|125/258
|-enditem|p2a: Dragalge|Leftovers|[from] move: Knock Off|[of] p1a: Sableye
|
|upkeep
|turn|6
|
|t:|1776975670
|switch|p1a: Munkidori|Munkidori, L79, M|269/269
|move|p2a: Dragalge|Draco Meteor|p1a: Munkidori
|-damage|p1a: Munkidori|139/269
|-unboost|p2a: Dragalge|spa|2
|
|upkeep
|turn|7
|
|t:|1776975682
|switch|p2a: Trevenant|Trevenant, L89, M|296/296
|move|p1a: Munkidori|Psychic Noise|p2a: Trevenant
|-damage|p2a: Trevenant|209/296
|-start|p2a: Trevenant|move: Heal Block
|
|upkeep
|turn|8
|
|t:|1776975690
|move|p1a: Munkidori|U-turn|p2a: Trevenant
|-damage|p2a: Trevenant|170/296
|-status|p2a: Trevenant|tox|[from] ability: Toxic Chain|[of] p1a: Munkidori
|
|t:|1776975696
|switch|p1a: Sableye|Sableye, L88, F|231/231|[from] U-turn
|move|p2a: Trevenant|Poltergeist|p1a: Sableye
|-activate|p1a: Sableye|move: Poltergeist|Leftovers
|-damage|p1a: Sableye|84/231
|
|-heal|p1a: Sableye|98/231|[from] item: Leftovers
|-damage|p2a: Trevenant|152/296 tox|[from] psn
|-end|p2a: Trevenant|move: Heal Block
|upkeep
|turn|9
|
|t:|1776975708
|move|p2a: Trevenant|Poltergeist|p1a: Sableye|[miss]
|-miss|p2a: Trevenant|p1a: Sableye
|move|p1a: Sableye|Knock Off|p2a: Trevenant
|-supereffective|p2a: Trevenant
|-damage|p2a: Trevenant|0 fnt
|-enditem|p2a: Trevenant|Sitrus Berry|[from] move: Knock Off|[of] p1a: Sableye
|faint|p2a: Trevenant
|
|-heal|p1a: Sableye|112/231|[from] item: Leftovers
|upkeep
|
|t:|1776975715
|switch|p2a: Dragalge|Dragalge, L88, M|125/258
|turn|10
|
|t:|1776975722
|move|p1a: Sableye|Recover|p1a: Sableye
|-heal|p1a: Sableye|228/231
|move|p2a: Dragalge|Draco Meteor|p1a: Sableye
|-damage|p1a: Sableye|0 fnt
|-unboost|p2a: Dragalge|spa|2
|faint|p1a: Sableye
|
|upkeep
|
|t:|1776975731
|switch|p1a: Kleavor|Kleavor, L78, M|237/237
|turn|11
|
|t:|1776975739
|switch|p2a: Slaking|Slaking, L84, F|389/389
|move|p1a: Kleavor|Stone Axe|p2a: Slaking
|-damage|p2a: Slaking|281/389
|-sidestart|p2: Cev9|move: Stealth Rock
|
|upkeep
|turn|12
|
|t:|1776975748
|move|p2a: Slaking|Double-Edge|p1a: Kleavor
|-resisted|p1a: Kleavor
|-damage|p1a: Kleavor|90/237
|-damage|p2a: Slaking|232/389|[from] Recoil
|move|p1a: Kleavor|Close Combat|p2a: Slaking
|-supereffective|p2a: Slaking
|-damage|p2a: Slaking|42/389
|-unboost|p1a: Kleavor|def|1
|-unboost|p1a: Kleavor|spd|1
|
|upkeep
|turn|13
|
|t:|1776975759
|cant|p2a: Slaking|ability: Truant
|move|p1a: Kleavor|X-Scissor|p2a: Slaking
|-damage|p2a: Slaking|0 fnt
|faint|p2a: Slaking
|
|upkeep
|
|t:|1776975764
|switch|p2a: Vivillon|Vivillon-River, L83, M|268/268
|turn|14
|
|t:|1776975769
|move|p2a: Vivillon|Sleep Powder|p1a: Kleavor
|-status|p1a: Kleavor|slp|[from] move: Sleep Powder
|cant|p1a: Kleavor|slp
|
|upkeep
|turn|15
|
|t:|1776975775
|switch|p1a: Munkidori|Munkidori, L79, M|139/269
|move|p2a: Vivillon|Quiver Dance|p2a: Vivillon
|-boost|p2a: Vivillon|spa|1
|-boost|p2a: Vivillon|spd|1
|-boost|p2a: Vivillon|spe|1
|
|upkeep
|turn|16
|
|t:|1776975781
|-terastallize|p2a: Vivillon|Steel
|move|p1a: Munkidori|Fake Out|p2a: Vivillon
|-resisted|p2a: Vivillon
|-damage|p2a: Vivillon|253/268
|cant|p2a: Vivillon|flinch
|
|upkeep
|turn|17
|
|t:|1776975795
|move|p2a: Vivillon|Quiver Dance|p2a: Vivillon
|-boost|p2a: Vivillon|spa|1
|-boost|p2a: Vivillon|spd|1
|-boost|p2a: Vivillon|spe|1
|move|p1a: Munkidori|U-turn|p2a: Vivillon
|-resisted|p2a: Vivillon
|-damage|p2a: Vivillon|227/268
|
|t:|1776975808
|switch|p1a: Talonflame|Talonflame, L83, F, tera:Ground|202/265|[from] U-turn
|
|upkeep
|turn|18
|
|t:|1776975815
|move|p2a: Vivillon|Hurricane|p1a: Talonflame
|-damage|p1a: Talonflame|0 fnt
|faint|p1a: Talonflame
|
|upkeep
|inactive|Nocta55 has 120 seconds left.
|
|t:|1776975859
|switch|p1a: Alcremie|Alcremie-Caramel-Swirl, L90, F|263/263
|turn|19
|
|t:|1776975864
|move|p2a: Vivillon|Hurricane|p1a: Alcremie
|-damage|p1a: Alcremie|107/263
|move|p1a: Alcremie|Calm Mind|p1a: Alcremie
|-boost|p1a: Alcremie|spa|1
|-boost|p1a: Alcremie|spd|1
|
|-heal|p1a: Alcremie|123/263|[from] item: Leftovers
|upkeep
|turn|20
|
|t:|1776975871
|move|p2a: Vivillon|Hurricane|p1a: Alcremie
|-damage|p1a: Alcremie|8/263
|move|p1a: Alcremie|Calm Mind|p1a: Alcremie
|-boost|p1a: Alcremie|spa|1
|-boost|p1a: Alcremie|spd|1
|
|-heal|p1a: Alcremie|24/263|[from] item: Leftovers
|upkeep
|turn|21
|
|t:|1776975878
|move|p2a: Vivillon|Hurricane|p1a: Alcremie
|-damage|p1a: Alcremie|0 fnt
|faint|p1a: Alcremie
|
|upkeep
|
|t:|1776975883
|switch|p1a: Sylveon|Sylveon, L85, F|300/300
|turn|22
|
|t:|1776975891
|move|p2a: Vivillon|Hurricane|p1a: Sylveon
|-damage|p1a: Sylveon|137/300
|move|p1a: Sylveon|Calm Mind|p1a: Sylveon
|-boost|p1a: Sylveon|spa|1
|-boost|p1a: Sylveon|spd|1
|
|-heal|p1a: Sylveon|155/300|[from] item: Leftovers
|upkeep
|turn|23
|
|t:|1776975898
|move|p2a: Vivillon|Quiver Dance|p2a: Vivillon
|-boost|p2a: Vivillon|spa|1
|-boost|p2a: Vivillon|spd|1
|-boost|p2a: Vivillon|spe|1
|move|p1a: Sylveon|Wish|p1a: Sylveon
|
|-heal|p1a: Sylveon|173/300|[from] item: Leftovers
|upkeep
|turn|24
|
|t:|1776975907
|move|p2a: Vivillon|Hurricane|p1a: Sylveon
|-damage|p1a: Sylveon|41/300
|-start|p1a: Sylveon|confusion
|-activate|p1a: Sylveon|confusion
|move|p1a: Sylveon|Calm Mind|p1a: Sylveon
|-boost|p1a: Sylveon|spa|1
|-boost|p1a: Sylveon|spd|1
|
|-heal|p1a: Sylveon|191/300|[from] move: Wish|[wisher] Sylveon
|-heal|p1a: Sylveon|209/300|[from] item: Leftovers
|upkeep
|turn|25
|
|t:|1776975918
|move|p2a: Vivillon|Quiver Dance|p2a: Vivillon
|-boost|p2a: Vivillon|spa|1
|-boost|p2a: Vivillon|spd|1
|-boost|p2a: Vivillon|spe|1
|-activate|p1a: Sylveon|confusion
|move|p1a: Sylveon|Wish|p1a: Sylveon
|
|-heal|p1a: Sylveon|227/300|[from] item: Leftovers
|upkeep
|turn|26
|
|t:|1776975925
|move|p2a: Vivillon|Quiver Dance|p2a: Vivillon
|-boost|p2a: Vivillon|spa|1
|-boost|p2a: Vivillon|spd|1
|-boost|p2a: Vivillon|spe|1
|-end|p1a: Sylveon|confusion
|move|p1a: Sylveon|Calm Mind|p1a: Sylveon
|-boost|p1a: Sylveon|spa|1
|-boost|p1a: Sylveon|spd|1
|
|-heal|p1a: Sylveon|300/300|[from] move: Wish|[wisher] Sylveon
|upkeep
|turn|27
|
|t:|1776975934
|move|p2a: Vivillon|Quiver Dance|p2a: Vivillon
|-boost|p2a: Vivillon|spa|1
|-boost|p2a: Vivillon|spd|1
|-boost|p2a: Vivillon|spe|1
|move|p1a: Sylveon|Calm Mind|p1a: Sylveon
|-boost|p1a: Sylveon|spa|1
|-boost|p1a: Sylveon|spd|1
|
|upkeep
|turn|28
|
|t:|1776975943
|move|p2a: Vivillon|Hurricane|p1a: Sylveon
|-damage|p1a: Sylveon|204/300
|move|p1a: Sylveon|Wish|p1a: Sylveon
|
|-heal|p1a: Sylveon|222/300|[from] item: Leftovers
|upkeep
|turn|29
|
|t:|1776975949
|move|p2a: Vivillon|Bug Buzz|p1a: Sylveon
|-resisted|p1a: Sylveon
|-damage|p1a: Sylveon|177/300
|move|p1a: Sylveon|Calm Mind|p1a: Sylveon
|-boost|p1a: Sylveon|spa|1
|-boost|p1a: Sylveon|spd|1
|
|-heal|p1a: Sylveon|300/300|[from] move: Wish|[wisher] Sylveon
|upkeep
|turn|30
|
|t:|1776975958
|move|p2a: Vivillon|Hurricane|p1a: Sylveon
|-damage|p1a: Sylveon|207/300
|move|p1a: Sylveon|Calm Mind|p1a: Sylveon
|-boost|p1a: Sylveon|spa|1
|-boost|p1a: Sylveon|spd|1
|
|-heal|p1a: Sylveon|225/300|[from] item: Leftovers
|upkeep
|turn|31
|
|t:|1776975965
|move|p2a: Vivillon|Hurricane|p1a: Sylveon
|-damage|p1a: Sylveon|146/300
|-start|p1a: Sylveon|confusion
|-activate|p1a: Sylveon|confusion
|move|p1a: Sylveon|Hyper Voice|p2a: Vivillon
|-resisted|p2a: Vivillon
|-damage|p2a: Vivillon|130/268
|
|-heal|p1a: Sylveon|164/300|[from] item: Leftovers
|upkeep
|turn|32
|
|t:|1776975978
|move|p2a: Vivillon|Hurricane|p1a: Sylveon
|-damage|p1a: Sylveon|82/300
|-activate|p1a: Sylveon|confusion
|-damage|p1a: Sylveon|63/300|[from] confusion
|
|-heal|p1a: Sylveon|81/300|[from] item: Leftovers
|upkeep
|turn|33
|
|t:|1776975984
|-end|p1a: Sylveon|confusion
|move|p1a: Sylveon|Protect|p1a: Sylveon
|-singleturn|p1a: Sylveon|Protect
|move|p2a: Vivillon|Hurricane|p1a: Sylveon
|-activate|p1a: Sylveon|move: Protect
|
|-heal|p1a: Sylveon|99/300|[from] item: Leftovers
|upkeep
|turn|34
|
|t:|1776975995
|move|p2a: Vivillon|Hurricane|p1a: Sylveon
|-damage|p1a: Sylveon|20/300
|move|p1a: Sylveon|Wish|p1a: Sylveon
|
|-heal|p1a: Sylveon|38/300|[from] item: Leftovers
|upkeep
|turn|35
|
|t:|1776976005
|move|p1a: Sylveon|Protect|p1a: Sylveon
|-singleturn|p1a: Sylveon|Protect
|move|p2a: Vivillon|Hurricane|p1a: Sylveon
|-activate|p1a: Sylveon|move: Protect
|
|-heal|p1a: Sylveon|188/300|[from] move: Wish|[wisher] Sylveon
|-heal|p1a: Sylveon|206/300|[from] item: Leftovers
|upkeep
|turn|36
|
|t:|1776976014
|move|p2a: Vivillon|Hurricane|p1a: Sylveon
|-damage|p1a: Sylveon|128/300
|move|p1a: Sylveon|Wish|p1a: Sylveon
|
|-heal|p1a: Sylveon|146/300|[from] item: Leftovers
|upkeep
|turn|37
|
|t:|1776976021
|move|p2a: Vivillon|Hurricane|p1a: Sylveon
|-damage|p1a: Sylveon|73/300
|move|p1a: Sylveon|Hyper Voice|p2a: Vivillon
|-resisted|p2a: Vivillon
|-damage|p2a: Vivillon|36/268
|
|-heal|p1a: Sylveon|223/300|[from] move: Wish|[wisher] Sylveon
|-heal|p1a: Sylveon|241/300|[from] item: Leftovers
|upkeep
|turn|38
|
|t:|1776976032
|move|p2a: Vivillon|Hurricane|p1a: Sylveon
|-damage|p1a: Sylveon|159/300
|move|p1a: Sylveon|Wish|p1a: Sylveon
|
|-heal|p1a: Sylveon|177/300|[from] item: Leftovers
|upkeep
|turn|39
|
|t:|1776976040
|move|p2a: Vivillon|Bug Buzz|p1a: Sylveon
|-resisted|p1a: Sylveon
|-damage|p1a: Sylveon|145/300
|move|p1a: Sylveon|Hyper Voice|p2a: Vivillon
|-resisted|p2a: Vivillon
|-damage|p2a: Vivillon|0 fnt
|faint|p2a: Vivillon
|
|-heal|p1a: Sylveon|295/300|[from] move: Wish|[wisher] Sylveon
|-heal|p1a: Sylveon|300/300|[from] item: Leftovers
|upkeep
|
|t:|1776976044
|switch|p2a: Dragalge|Dragalge, L88, M|219/219
|-damage|p2a: Dragalge|192/219|[from] Stealth Rock
|turn|40
|
|t:|1776976059
|move|p2a: Dragalge|Hyper Voice|p1a: Sylveon
|-damage|p1a: Sylveon|267/300
|move|p1a: Sylveon|Hyper Voice|p2a: Dragalge
|-damage|p2a: Dragalge|0 fnt
|replace|p2a: Zoroark|Zoroark-Hisui, L80, M
|-end|p2a: Zoroark|Illusion
|-hint|Illusion Level Mod is active, so this Pokémon's true level was hidden.
|faint|p2a: Zoroark
|
|-heal|p1a: Sylveon|285/300|[from] item: Leftovers
|upkeep
|-message|Cev9 forfeited.
|
|win|Nocta55
|raw|Nocta55's rating: 1753 &rarr; <strong>1772</strong><br />(+19 for winning)
|raw|Cev9's rating: 1735 &rarr; <strong>1716</strong><br />(-19 for losing)
|l|☆Cev9
|player|p2|
|c|☆Nocta55|gg
