|j|☆dipshipsss
|j|☆The False Pariah
|t:|1776984467
|gametype|singles
|player|p1|dipshipsss|101|1477
|player|p2|The False Pariah|oak-gen1|1446
|gen|9
|tier|[Gen 9] Random Battle
|rated|
|rule|Species Clause: Limit one of each Pokémon
|rule|HP Percentage Mod: HP is shown in percentages
|rule|Sleep Clause Mod: Limit one foe put to sleep
|rule|Illusion Level Mod: Illusion disguises the Pokémon's true level
|
|t:|1776984467
|teamsize|p1|6
|teamsize|p2|6
|start
|switch|p1a: Jumpluff|Jumpluff, L87, M|271/271
|switch|p2a: Dondozo|Dondozo, L78, M|362/362
|turn|1
|inactive|Battle timer is ON: inactive players will automatically lose when time's up. (requested by The False Pariah)
|c|☆The False Pariah|Jumpluff is so carefree. lol
|
|t:|1776984495
|switch|p1a: Blaziken|Blaziken, L76, M|247/247
|move|p2a: Dondozo|Curse|p2a: Dondozo
|-unboost|p2a: Dondozo|spe|1
|-boost|p2a: Dondozo|atk|1
|-boost|p2a: Dondozo|def|1
|
|upkeep
|turn|2
|
|t:|1776984512
|switch|p1a: Jumpluff|Jumpluff, L87, M|271/271
|move|p2a: Dondozo|Curse|p2a: Dondozo
|-unboost|p2a: Dondozo|spe|1
|-boost|p2a: Dondozo|atk|1
|-boost|p2a: Dondozo|def|1
|
|upkeep
|turn|3
|
|t:|1776984516
|move|p1a: Jumpluff|Leech Seed|p2a: Dondozo
|-start|p2a: Dondozo|move: Leech Seed
|move|p2a: Dondozo|Wave Crash|p1a: Jumpluff
|-resisted|p1a: Jumpluff
|-damage|p1a: Jumpluff|148/271
|-damage|p2a: Dondozo|321/362|[from] Recoil
|
|-heal|p2a: Dondozo|343/362|[from] item: Leftovers
|-damage|p2a: Dondozo|298/362|[from] Leech Seed|[of] p1a: Jumpluff
|-heal|p1a: Jumpluff|193/271|[silent]
|upkeep
|turn|4
|
|t:|1776984530
|move|p1a: Jumpluff|Strength Sap|p2a: Dondozo
|-unboost|p2a: Dondozo|atk|1
|-heal|p1a: Jumpluff|271/271
|move|p2a: Dondozo|Curse|p2a: Dondozo
|-unboost|p2a: Dondozo|spe|1
|-boost|p2a: Dondozo|atk|1
|-boost|p2a: Dondozo|def|1
|
|-heal|p2a: Dondozo|320/362|[from] item: Leftovers
|-damage|p2a: Dondozo|275/362|[from] Leech Seed|[of] p1a: Jumpluff
|upkeep
|turn|5
|
|t:|1776984535
|move|p1a: Jumpluff|Strength Sap|p2a: Dondozo
|-unboost|p2a: Dondozo|atk|1
|move|p2a: Dondozo|Wave Crash|p1a: Jumpluff
|-resisted|p1a: Jumpluff
|-damage|p1a: Jumpluff|169/271
|-damage|p2a: Dondozo|241/362|[from] Recoil
|
|-heal|p2a: Dondozo|263/362|[from] item: Leftovers
|-damage|p2a: Dondozo|218/362|[from] Leech Seed|[of] p1a: Jumpluff
|-heal|p1a: Jumpluff|214/271|[silent]
|upkeep
|turn|6
|
|t:|1776984554
|switch|p2a: Spidops|Spidops, L96, M|271/271
|move|p1a: Jumpluff|Strength Sap|p2a: Spidops
|-unboost|p2a: Spidops|atk|1
|-heal|p1a: Jumpluff|271/271
|
|upkeep
|turn|7
|
|t:|1776984571
|move|p1a: Jumpluff|Acrobatics|p2a: Spidops
|-supereffective|p2a: Spidops
|-damage|p2a: Spidops|143/271
|move|p2a: Spidops|Sticky Web|p1a: Jumpluff
|-sidestart|p1: dipshipsss|move: Sticky Web
|
|upkeep
|turn|8
|inactive|The False Pariah has 120 seconds left.
|
|t:|1776984606
|move|p1a: Jumpluff|Substitute|p1a: Jumpluff
|-start|p1a: Jumpluff|Substitute
|-damage|p1a: Jumpluff|204/271
|move|p2a: Spidops|Knock Off|p1a: Jumpluff
|-activate|p1a: Jumpluff|move: Substitute|[damage]
|
|upkeep
|turn|9
|inactive|The False Pariah has 120 seconds left.
|
|t:|1776984617
|move|p1a: Jumpluff|Leech Seed|p2a: Spidops
|-start|p2a: Spidops|move: Leech Seed
|move|p2a: Spidops|U-turn|p1a: Jumpluff
|-end|p1a: Jumpluff|Substitute
|inactive|The False Pariah has 120 seconds left.
|inactive|The False Pariah has 90 seconds left.
|
|t:|1776984657
|switch|p2a: Dedenne|Dedenne, L88, F|261/261|[from] U-turn
|
|upkeep
|turn|10
|inactive|The False Pariah has 90 seconds left.
|
|t:|1776984681
|move|p1a: Jumpluff|Leech Seed|p2a: Dedenne
|-start|p2a: Dedenne|move: Leech Seed
|move|p2a: Dedenne|Nuzzle|p1a: Jumpluff
|-damage|p1a: Jumpluff|185/271
|-status|p1a: Jumpluff|par
|
|-damage|p2a: Dedenne|229/261|[from] Leech Seed|[of] p1a: Jumpluff
|-heal|p1a: Jumpluff|217/271 par|[silent]
|upkeep
|turn|11
|inactive|The False Pariah has 90 seconds left.
|
|t:|1776984696
|switch|p2a: Quagsire|Quagsire, L84, F|297/297
|move|p1a: Jumpluff|Substitute|p1a: Jumpluff
|-start|p1a: Jumpluff|Substitute
|-damage|p1a: Jumpluff|150/271 par
|
|upkeep
|turn|12
|
|t:|1776984708
|move|p1a: Jumpluff|Leech Seed|p2a: Quagsire
|-start|p2a: Quagsire|move: Leech Seed
|move|p2a: Quagsire|Spikes|p1a: Jumpluff
|-sidestart|p1: dipshipsss|Spikes
|
|-damage|p2a: Quagsire|260/297|[from] Leech Seed|[of] p1a: Jumpluff
|-heal|p1a: Jumpluff|187/271 par|[silent]
|upkeep
|turn|13
|inactive|The False Pariah has 90 seconds left.
|
|t:|1776984730
|move|p1a: Jumpluff|Strength Sap|p2a: Quagsire
|-unboost|p2a: Quagsire|atk|1
|-heal|p1a: Jumpluff|271/271 par
|move|p2a: Quagsire|Spikes|p1a: Jumpluff
|-sidestart|p1: dipshipsss|Spikes
|
|-heal|p2a: Quagsire|278/297|[from] item: Leftovers
|-damage|p2a: Quagsire|241/297|[from] Leech Seed|[of] p1a: Jumpluff
|upkeep
|turn|14
|
|t:|1776984739
|move|p1a: Jumpluff|Acrobatics|p2a: Quagsire
|-damage|p2a: Quagsire|160/297
|move|p2a: Quagsire|Spikes|p1a: Jumpluff
|-sidestart|p1: dipshipsss|Spikes
|
|-heal|p2a: Quagsire|178/297|[from] item: Leftovers
|-damage|p2a: Quagsire|141/297|[from] Leech Seed|[of] p1a: Jumpluff
|upkeep
|turn|15
|
|t:|1776984744
|cant|p1a: Jumpluff|par
|move|p2a: Quagsire|Recover|p2a: Quagsire
|-heal|p2a: Quagsire|290/297
|
|-heal|p2a: Quagsire|297/297|[from] item: Leftovers
|-damage|p2a: Quagsire|260/297|[from] Leech Seed|[of] p1a: Jumpluff
|upkeep
|turn|16
|
|t:|1776984755
|switch|p2a: Revavroom|Revavroom, L79, F|256/256
|move|p1a: Jumpluff|Leech Seed|p2a: Revavroom
|-start|p2a: Revavroom|move: Leech Seed
|
|-damage|p2a: Revavroom|224/256|[from] Leech Seed|[of] p1a: Jumpluff
|upkeep
|turn|17
|
|t:|1776984766
|move|p2a: Revavroom|Shift Gear|p2a: Revavroom
|-boost|p2a: Revavroom|spe|2
|-boost|p2a: Revavroom|atk|1
|cant|p1a: Jumpluff|par
|
|-damage|p2a: Revavroom|192/256|[from] Leech Seed|[of] p1a: Jumpluff
|upkeep
|turn|18
|
|t:|1776984776
|move|p2a: Revavroom|Shift Gear|p2a: Revavroom
|-boost|p2a: Revavroom|spe|2
|-boost|p2a: Revavroom|atk|1
|cant|p1a: Jumpluff|par
|
|-damage|p2a: Revavroom|160/256|[from] Leech Seed|[of] p1a: Jumpluff
|upkeep
|turn|19
|
|t:|1776984778
|move|p2a: Revavroom|Iron Head|p1a: Jumpluff
|-end|p1a: Jumpluff|Substitute
|-damage|p2a: Revavroom|135/256|[from] item: Life Orb
|cant|p1a: Jumpluff|par
|
|-damage|p2a: Revavroom|103/256|[from] Leech Seed|[of] p1a: Jumpluff
|upkeep
|turn|20
|
|t:|1776984786
|move|p2a: Revavroom|Gunk Shot|p1a: Jumpluff
|-supereffective|p1a: Jumpluff
|-damage|p1a: Jumpluff|0 fnt
|faint|p1a: Jumpluff
|-damage|p2a: Revavroom|78/256|[from] item: Life Orb
|
|upkeep
|
|t:|1776984802
|switch|p1a: Arcanine|Arcanine, L84, F|288/288
|-ability|p1a: Arcanine|Intimidate|boost
|-unboost|p2a: Revavroom|atk|1
|turn|21
|
|t:|1776984821
|-terastallize|p1a: Arcanine|Normal
|move|p2a: Revavroom|High Horsepower|p1a: Arcanine
|-damage|p1a: Arcanine|142/288
|-damage|p2a: Revavroom|53/256|[from] item: Life Orb
|move|p1a: Arcanine|Flare Blitz|p2a: Revavroom
|-supereffective|p2a: Revavroom
|-damage|p2a: Revavroom|0 fnt
|faint|p2a: Revavroom
|-damage|p1a: Arcanine|125/288|[from] Recoil
|
|upkeep
|inactive|The False Pariah has 120 seconds left.
|
|t:|1776984842
|switch|p2a: Quagsire|Quagsire, L84, F|260/297
|turn|22
|
|t:|1776984850
|move|p1a: Arcanine|Morning Sun|p1a: Arcanine
|-heal|p1a: Arcanine|269/288
|move|p2a: Quagsire|Earthquake|p1a: Arcanine
|-damage|p1a: Arcanine|166/288
|
|-heal|p2a: Quagsire|278/297|[from] item: Leftovers
|upkeep
|turn|23
|inactive|dipshipsss has 120 seconds left.
|
|t:|1776984883
|move|p1a: Arcanine|Morning Sun|p1a: Arcanine
|-heal|p1a: Arcanine|288/288
|move|p2a: Quagsire|Toxic|p1a: Arcanine|[miss]
|-miss|p2a: Quagsire|p1a: Arcanine
|
|-heal|p2a: Quagsire|296/297|[from] item: Leftovers
|upkeep
|turn|24
|inactive|The False Pariah has 120 seconds left.
|
|t:|1776984908
|move|p1a: Arcanine|Extreme Speed|p2a: Quagsire
|-damage|p2a: Quagsire|208/297
|move|p2a: Quagsire|Toxic|p1a: Arcanine
|-status|p1a: Arcanine|tox
|
|-heal|p2a: Quagsire|226/297|[from] item: Leftovers
|-damage|p1a: Arcanine|270/288 tox|[from] psn
|upkeep
|turn|25
|
|t:|1776984916
|move|p1a: Arcanine|Will-O-Wisp|p2a: Quagsire
|-status|p2a: Quagsire|brn
|move|p2a: Quagsire|Recover|p2a: Quagsire
|-heal|p2a: Quagsire|297/297 brn
|
|-damage|p1a: Arcanine|234/288 tox|[from] psn
|-damage|p2a: Quagsire|279/297 brn|[from] brn
|upkeep
|turn|26
|
|t:|1776984927
|switch|p2a: Dondozo|Dondozo, L78, M|218/362
|move|p1a: Arcanine|Extreme Speed|p2a: Dondozo
|-crit|p2a: Dondozo
|-damage|p2a: Dondozo|98/362
|
|-heal|p2a: Dondozo|120/362|[from] item: Leftovers
|-damage|p1a: Arcanine|180/288 tox|[from] psn
|upkeep
|turn|27
|
|t:|1776984941
|move|p1a: Arcanine|Will-O-Wisp|p2a: Dondozo
|-status|p2a: Dondozo|brn
|move|p2a: Dondozo|Rest|p2a: Dondozo
|-status|p2a: Dondozo|slp|[from] move: Rest
|-heal|p2a: Dondozo|362/362 slp|[silent]
|
|-damage|p1a: Arcanine|108/288 tox|[from] psn
|upkeep
|turn|28
|
|t:|1776984957
|switch|p1a: Blaziken|Blaziken, L76, M|247/247
|-activate|p1a: Blaziken|move: Sticky Web
|-unboost|p1a: Blaziken|spe|1
|-damage|p1a: Blaziken|186/247|[from] Spikes
|cant|p2a: Dondozo|slp
|move|p2a: Dondozo|Sleep Talk|p2a: Dondozo
|move|p2a: Dondozo|Wave Crash|p1a: Blaziken|[from] move: Sleep Talk
|-supereffective|p1a: Blaziken
|-damage|p1a: Blaziken|0 fnt
|faint|p1a: Blaziken
|-damage|p2a: Dondozo|301/362 slp|[from] Recoil
|
|-heal|p2a: Dondozo|323/362 slp|[from] item: Leftovers
|upkeep
|
|t:|1776984969
|switch|p1a: Scrafty|Scrafty, L83, M|244/244
|-activate|p1a: Scrafty|move: Sticky Web
|-unboost|p1a: Scrafty|spe|1
|-damage|p1a: Scrafty|183/244|[from] Spikes
|turn|29
|
|t:|1776984977
|cant|p2a: Dondozo|slp
|move|p2a: Dondozo|Sleep Talk|p2a: Dondozo
|move|p2a: Dondozo|Curse|p2a: Dondozo|[from] move: Sleep Talk
|-unboost|p2a: Dondozo|spe|1
|-boost|p2a: Dondozo|atk|1
|-boost|p2a: Dondozo|def|1
|move|p1a: Scrafty|Knock Off|p2a: Dondozo
|-damage|p2a: Dondozo|271/362 slp
|-enditem|p2a: Dondozo|Leftovers|[from] move: Knock Off|[of] p1a: Scrafty
|
|-heal|p1a: Scrafty|198/244|[from] item: Leftovers
|upkeep
|turn|30
|
|t:|1776984987
|move|p1a: Scrafty|Drain Punch|p2a: Dondozo
|-damage|p2a: Dondozo|226/362 slp
|-heal|p1a: Scrafty|221/244|[from] drain|[of] p2a: Dondozo
|-curestatus|p2a: Dondozo|slp|[msg]
|move|p2a: Dondozo|Curse|p2a: Dondozo
|-unboost|p2a: Dondozo|spe|1
|-boost|p2a: Dondozo|atk|1
|-boost|p2a: Dondozo|def|1
|
|-heal|p1a: Scrafty|236/244|[from] item: Leftovers
|upkeep
|turn|31
|
|t:|1776984998
|switch|p1a: Espathra|Espathra, L80, M|283/283
|-activate|p1a: Espathra|move: Sticky Web
|-unboost|p1a: Espathra|spe|1
|-damage|p1a: Espathra|213/283|[from] Spikes
|move|p2a: Dondozo|Curse|p2a: Dondozo
|-unboost|p2a: Dondozo|spe|1
|-boost|p2a: Dondozo|atk|1
|-boost|p2a: Dondozo|def|1
|
|-heal|p1a: Espathra|230/283|[from] item: Leftovers
|upkeep
|turn|32
|
|t:|1776985020
|move|p1a: Espathra|Protect|p1a: Espathra
|-singleturn|p1a: Espathra|Protect
|move|p2a: Dondozo|Wave Crash|p1a: Espathra
|-activate|p1a: Espathra|move: Protect
|
|-heal|p1a: Espathra|247/283|[from] item: Leftovers
|-ability|p1a: Espathra|Speed Boost|boost
|-boost|p1a: Espathra|spe|1
|upkeep
|turn|33
|
|t:|1776985039
|move|p1a: Espathra|Dazzling Gleam|p2a: Dondozo
|-damage|p2a: Dondozo|152/362
|move|p2a: Dondozo|Wave Crash|p1a: Espathra
|-damage|p1a: Espathra|0 fnt
|faint|p1a: Espathra
|-damage|p2a: Dondozo|70/362|[from] Recoil
|
|upkeep
|
|t:|1776985053
|switch|p1a: Arcanine|Arcanine, L84, F, tera:Normal|108/288 tox
|-ability|p1a: Arcanine|Intimidate|boost
|-unboost|p2a: Dondozo|atk|1
|turn|34
|
|t:|1776985061
|move|p1a: Arcanine|Extreme Speed|p2a: Dondozo
|-damage|p2a: Dondozo|39/362
|move|p2a: Dondozo|Rest|p2a: Dondozo
|-status|p2a: Dondozo|slp|[from] move: Rest
|-heal|p2a: Dondozo|362/362 slp|[silent]
|
|-damage|p1a: Arcanine|90/288 tox|[from] psn
|upkeep
|turn|35
|
|t:|1776985065
|move|p1a: Arcanine|Will-O-Wisp||[still]
|-fail|p1a: Arcanine
|cant|p2a: Dondozo|slp
|move|p2a: Dondozo|Sleep Talk|p2a: Dondozo
|move|p2a: Dondozo|Wave Crash|p1a: Arcanine|[from] move: Sleep Talk
|-damage|p1a: Arcanine|0 fnt
|faint|p1a: Arcanine
|-damage|p2a: Dondozo|332/362 slp|[from] Recoil
|
|upkeep
|c|☆The False Pariah|Gg?
|-message|dipshipsss forfeited.
|
|win|The False Pariah
|raw|dipshipsss's rating: 1477 &rarr; <strong>1455</strong><br />(-22 for losing)
|raw|The False Pariah's rating: 1446 &rarr; <strong>1468</strong><br />(+22 for winning)
|l|☆dipshipsss
|player|p1|
|c|☆The False Pariah|Gg
