|j|☆gdagadsg23tadg
|j|☆girlsb19
|t:|1776984053
|gametype|singles
|player|p1|gdagadsg23tadg|102|1193
|player|p2|girlsb19|n|1139
|gen|9
|tier|[Gen 9] Random Battle
|rated|
|rule|Species Clause: Limit one of each Pokémon
|rule|HP Percentage Mod: HP is shown in percentages
|rule|Sleep Clause Mod: Limit one foe put to sleep
|rule|Illusion Level Mod: Illusion disguises the Pokémon's true level
|
|t:|1776984053
|teamsize|p1|6
|teamsize|p2|6
|start
|switch|p1a: Spectrier|Spectrier, L75|274/274
|switch|p2a: Golurk|Golurk, L87|297/297
|turn|1
|inactive|Battle timer is ON: inactive players will automatically lose when time's up. (requested by gdagadsg23tadg)
|
|t:|1776984083
|switch|p1a: Sawsbuck|Sawsbuck-Winter, L88, F|284/284
|move|p2a: Golurk|Poltergeist|p1a: Sawsbuck
|-immune|p1a: Sawsbuck
|
|upkeep
|turn|2
|
|t:|1776984093
|switch|p2a: Heatran|Heatran, L79, M|273/273
|-item|p2a: Heatran|Air Balloon
|move|p1a: Sawsbuck|Swords Dance|p1a: Sawsbuck
|-boost|p1a: Sawsbuck|atk|2
|
|upkeep
|turn|3
|
|t:|1776984123
|move|p1a: Sawsbuck|Horn Leech|p2a: Heatran
|-resisted|p2a: Heatran
|-damage|p2a: Heatran|222/273
|-enditem|p2a: Heatran|Air Balloon
|-damage|p1a: Sawsbuck|256/284|[from] item: Life Orb
|move|p2a: Heatran|Lava Plume|p1a: Sawsbuck
|-supereffective|p1a: Sawsbuck
|-damage|p1a: Sawsbuck|32/284
|
|upkeep
|turn|4
|
|t:|1776984135
|move|p1a: Sawsbuck|High Horsepower|p2a: Heatran
|-supereffective|p2a: Heatran
|-damage|p2a: Heatran|0 fnt
|faint|p2a: Heatran
|-damage|p1a: Sawsbuck|4/284|[from] item: Life Orb
|
|upkeep
|
|t:|1776984152
|switch|p2a: Virizion|Virizion, L82|283/283
|turn|5
|
|t:|1776984162
|move|p2a: Virizion|Leaf Blade|p1a: Sawsbuck
|-ability|p1a: Sawsbuck|Sap Sipper|boost
|-boost|p1a: Sawsbuck|atk|1
|move|p1a: Sawsbuck|Double-Edge|p2a: Virizion
|-damage|p2a: Virizion|0 fnt
|faint|p2a: Virizion
|-damage|p1a: Sawsbuck|0 fnt|[from] Recoil
|faint|p1a: Sawsbuck
|
|upkeep
|
|t:|1776984181
|switch|p2a: Golurk|Golurk, L87|297/297
|switch|p1a: Overqwil|Overqwil, L82, F|274/274
|-ability|p1a: Overqwil|Intimidate|boost
|-unboost|p2a: Golurk|atk|1
|turn|6
|
|t:|1776984192
|-terastallize|p2a: Golurk|Ground
|move|p1a: Overqwil|Crunch|p2a: Golurk
|-damage|p2a: Golurk|184/297
|-damage|p1a: Overqwil|247/274|[from] item: Life Orb
|move|p2a: Golurk|Earthquake|p1a: Overqwil
|-supereffective|p1a: Overqwil
|-damage|p1a: Overqwil|0 fnt
|faint|p1a: Overqwil
|
|upkeep
|
|t:|1776984202
|switch|p1a: Dragonite|Dragonite, L74, F|257/257
|turn|7
|
|t:|1776984211
|switch|p2a: Eiscue|Eiscue, L88, F|274/274
|move|p1a: Dragonite|Dragon Dance|p1a: Dragonite
|-boost|p1a: Dragonite|atk|1
|-boost|p1a: Dragonite|spe|1
|
|upkeep
|turn|8
|
|t:|1776984218
|switch|p1a: Lumineon|Lumineon, L93, M|279/279
|move|p2a: Eiscue|Ice Spinner|p1a: Lumineon
|-resisted|p1a: Lumineon
|-damage|p1a: Lumineon|236/279
|
|upkeep
|turn|9
|
|t:|1776984225
|move|p1a: Lumineon|Hydro Pump|p2a: Eiscue
|-damage|p2a: Eiscue|174/274
|move|p2a: Eiscue|Ice Spinner|p1a: Lumineon
|-resisted|p1a: Lumineon
|-damage|p1a: Lumineon|195/279
|
|upkeep
|turn|10
|
|t:|1776984238
|switch|p2a: Trevenant|Trevenant, L89, M|296/296
|move|p1a: Lumineon|Hydro Pump|p2a: Trevenant
|-resisted|p2a: Trevenant
|-damage|p2a: Trevenant|239/296
|
|upkeep
|turn|11
|
|t:|1776984248
|move|p1a: Lumineon|U-turn|p2a: Trevenant
|-damage|p2a: Trevenant|191/296
|
|t:|1776984250
|switch|p1a: Magmortar|Magmortar, L88, M|275/275|[from] U-turn
|move|p2a: Trevenant|Horn Leech|p1a: Magmortar
|-resisted|p1a: Magmortar
|-damage|p1a: Magmortar|201/275
|-heal|p2a: Trevenant|228/296|[from] drain|[of] p1a: Magmortar
|-status|p2a: Trevenant|brn|[from] ability: Flame Body|[of] p1a: Magmortar
|-damage|p2a: Trevenant|199/296 brn|[from] item: Life Orb
|
|-damage|p2a: Trevenant|181/296 brn|[from] brn
|upkeep
|turn|12
|
|t:|1776984265
|-curestatus|p2a: Trevenant|brn|[from] ability: Natural Cure
|switch|p2a: Blastoise|Blastoise, L80, M|258/258
|move|p1a: Magmortar|Fire Blast|p2a: Blastoise
|-resisted|p2a: Blastoise
|-damage|p2a: Blastoise|189/258
|
|upkeep
|turn|13
|inactive|gdagadsg23tadg has 120 seconds left.
|inactive|girlsb19 has 120 seconds left.
|
|t:|1776984296
|move|p1a: Magmortar|Earthquake|p2a: Blastoise
|-damage|p2a: Blastoise|121/258
|move|p2a: Blastoise|Hydro Pump|p1a: Magmortar|[miss]
|-miss|p2a: Blastoise|p1a: Magmortar
|
|upkeep
|turn|14
|
|t:|1776984303
|move|p1a: Magmortar|Thunderbolt|p2a: Blastoise
|-supereffective|p2a: Blastoise
|-damage|p2a: Blastoise|0 fnt
|faint|p2a: Blastoise
|
|upkeep
|
|t:|1776984309
|switch|p2a: Golurk|Golurk, L87, tera:Ground|184/297
|turn|15
|
|t:|1776984320
|move|p1a: Magmortar|Fire Blast|p2a: Golurk
|-damage|p2a: Golurk|24/297
|move|p2a: Golurk|Earthquake|p1a: Magmortar
|-supereffective|p1a: Magmortar
|-damage|p1a: Magmortar|0 fnt
|faint|p1a: Magmortar
|
|upkeep
|
|t:|1776984326
|switch|p1a: Spectrier|Spectrier, L75|274/274
|turn|16
|
|t:|1776984330
|move|p1a: Spectrier|Shadow Ball|p2a: Golurk
|-damage|p2a: Golurk|0 fnt
|faint|p2a: Golurk
|-ability|p1a: Spectrier|Grim Neigh|boost
|-boost|p1a: Spectrier|spa|1
|
|upkeep
|
|t:|1776984338
|switch|p2a: Trevenant|Trevenant, L89, M|181/296
|turn|17
|
|t:|1776984342
|move|p1a: Spectrier|Shadow Ball|p2a: Trevenant
|-supereffective|p2a: Trevenant
|-damage|p2a: Trevenant|0 fnt
|faint|p2a: Trevenant
|-ability|p1a: Spectrier|Grim Neigh|boost
|-boost|p1a: Spectrier|spa|1
|
|upkeep
|
|t:|1776984349
|switch|p2a: Eiscue|Eiscue, L88, F|174/274
|turn|18
|
|t:|1776984359
|move|p1a: Spectrier|Shadow Ball|p2a: Eiscue
|-damage|p2a: Eiscue|9/274
|-enditem|p2a: Eiscue|Sitrus Berry|[eat]
|-heal|p2a: Eiscue|77/274|[from] item: Sitrus Berry
|move|p2a: Eiscue|Liquidation|p1a: Spectrier
|-damage|p1a: Spectrier|189/274
|
|-heal|p1a: Spectrier|206/274|[from] item: Leftovers
|upkeep
|turn|19
|
|t:|1776984370
|move|p1a: Spectrier|Shadow Ball|p2a: Eiscue
|-damage|p2a: Eiscue|0 fnt
|faint|p2a: Eiscue
|
|win|gdagadsg23tadg
|raw|gdagadsg23tadg's rating: 1193 &rarr; <strong>1214</strong><br />(+21 for winning)
|raw|girlsb19's rating: 1139 &rarr; <strong>1118</strong><br />(-21 for losing)
|l|☆girlsb19
|player|p2|
