|j|☆WindWaver
|j|☆ariaps
|t:|1776977071
|gametype|singles
|player|p1|WindWaver|ballguy|2053
|player|p2|ariaps|miku-psychic|1987
|gen|9
|tier|[Gen 9] Random Battle
|rated|
|rule|Species Clause: Limit one of each Pokémon
|rule|HP Percentage Mod: HP is shown in percentages
|rule|Sleep Clause Mod: Limit one foe put to sleep
|rule|Illusion Level Mod: Illusion disguises the Pokémon's true level
|
|t:|1776977071
|teamsize|p1|6
|teamsize|p2|6
|start
|switch|p1a: Gurdurr|Gurdurr, L85, F|283/283
|switch|p2a: Houndoom|Houndoom, L87, M|272/272
|turn|1
|inactive|Battle timer is ON: inactive players will automatically lose when time's up. (requested by ariaps)
|inactive|ariaps has 120 seconds left.
|inactive|ariaps has 90 seconds left.
|
|t:|1776977138
|switch|p2a: Tinkaton|Tinkaton, L82, F|274/274
|-ability|p2a: Tinkaton|Mold Breaker
|move|p1a: Gurdurr|Knock Off|p2a: Tinkaton
|-resisted|p2a: Tinkaton
|-damage|p2a: Tinkaton|229/274
|-enditem|p2a: Tinkaton|Leftovers|[from] move: Knock Off|[of] p1a: Gurdurr
|
|upkeep
|turn|2
|
|t:|1776977162
|switch|p1a: Greedent|Greedent, L86, F|347/347
|move|p2a: Tinkaton|Knock Off|p1a: Greedent
|-damage|p1a: Greedent|295/347
|-enditem|p1a: Greedent|Sitrus Berry|[from] move: Knock Off|[of] p2a: Tinkaton
|
|upkeep
|turn|3
|
|t:|1776977175
|switch|p2a: Braviary|Braviary, L85, M|309/309
|move|p1a: Greedent|Earthquake|p2a: Braviary
|-immune|p2a: Braviary
|
|upkeep
|turn|4
|
|t:|1776977192
|switch|p1a: Froslass|Froslass, L87, F|263/263
|move|p2a: Braviary|Bulk Up|p2a: Braviary
|-boost|p2a: Braviary|atk|1
|-boost|p2a: Braviary|def|1
|
|upkeep
|turn|5
|
|t:|1776977201
|move|p1a: Froslass|Triple Axel|p2a: Braviary
|-supereffective|p2a: Braviary
|-damage|p2a: Braviary|279/309
|-supereffective|p2a: Braviary
|-damage|p2a: Braviary|225/309
|-supereffective|p2a: Braviary
|-damage|p2a: Braviary|141/309
|-hitcount|p2a: Braviary|3
|move|p2a: Braviary|Brave Bird|p1a: Froslass
|-damage|p1a: Froslass|8/263
|-damage|p2a: Braviary|57/309|[from] Recoil
|
|upkeep
|turn|6
|
|t:|1776977214
|switch|p2a: Tinkaton|Tinkaton, L82, F|229/274
|-ability|p2a: Tinkaton|Mold Breaker
|move|p1a: Froslass|Triple Axel|p2a: Tinkaton
|-resisted|p2a: Tinkaton
|-damage|p2a: Tinkaton|217/274
|-resisted|p2a: Tinkaton
|-damage|p2a: Tinkaton|193/274
|-resisted|p2a: Tinkaton
|-damage|p2a: Tinkaton|160/274
|-hitcount|p2a: Tinkaton|3
|
|upkeep
|turn|7
|
|t:|1776977221
|move|p1a: Froslass|Destiny Bond|p1a: Froslass
|-singlemove|p1a: Froslass|Destiny Bond
|move|p2a: Tinkaton|Thunder Wave|p1a: Froslass
|-status|p1a: Froslass|par
|
|upkeep
|turn|8
|
|t:|1776977235
|switch|p2a: Houndoom|Houndoom, L87, M|272/272
|move|p1a: Froslass|Taunt|p2a: Houndoom
|-start|p2a: Houndoom|move: Taunt
|
|upkeep
|turn|9
|
|t:|1776977247
|move|p2a: Houndoom|Fire Blast|p1a: Froslass
|-supereffective|p1a: Froslass
|-damage|p1a: Froslass|0 fnt
|faint|p1a: Froslass
|
|upkeep
|
|t:|1776977258
|switch|p1a: Greedent|Greedent, L86, F|295/347
|turn|10
|
|t:|1776977266
|switch|p2a: Braviary|Braviary, L85, M|57/309
|move|p1a: Greedent|Double-Edge|p2a: Braviary
|-crit|p2a: Braviary
|-damage|p2a: Braviary|0 fnt
|faint|p2a: Braviary
|-damage|p1a: Greedent|276/347|[from] Recoil
|
|upkeep
|
|t:|1776977273
|switch|p2a: Medicham|Medicham, L86, M|243/243
|turn|11
|
|t:|1776977288
|switch|p1a: Articuno|Articuno-Galar, L84|288/288
|move|p2a: Medicham|Close Combat|p1a: Articuno
|-resisted|p1a: Articuno
|-damage|p1a: Articuno|238/288
|-unboost|p2a: Medicham|def|1
|-unboost|p2a: Medicham|spd|1
|
|upkeep
|turn|12
|
|t:|1776977308
|switch|p2a: Lycanroc|Lycanroc, L86, F|269/269
|move|p1a: Articuno|Hurricane|p2a: Lycanroc
|-resisted|p2a: Lycanroc
|-damage|p2a: Lycanroc|187/269
|
|upkeep
|turn|13
|
|t:|1776977325
|switch|p2a: Tinkaton|Tinkaton, L82, F|160/274
|-ability|p2a: Tinkaton|Mold Breaker
|switch|p1a: Gurdurr|Gurdurr, L85, F|283/283
|
|upkeep
|turn|14
|
|t:|1776977340
|move|p2a: Tinkaton|Thunder Wave|p1a: Gurdurr
|-status|p1a: Gurdurr|par
|move|p1a: Gurdurr|Drain Punch|p2a: Tinkaton
|-damage|p2a: Tinkaton|21/274
|
|upkeep
|turn|15
|
|t:|1776977354
|switch|p2a: Chimecho|Chimecho, L93, M|290/290
|move|p1a: Gurdurr|Mach Punch|p2a: Chimecho
|-resisted|p2a: Chimecho
|-damage|p2a: Chimecho|257/290
|
|-heal|p2a: Chimecho|275/290|[from] item: Leftovers
|upkeep
|turn|16
|
|t:|1776977375
|switch|p1a: Greedent|Greedent, L86, F|276/347
|move|p2a: Chimecho|Calm Mind|p2a: Chimecho
|-boost|p2a: Chimecho|spa|1
|-boost|p2a: Chimecho|spd|1
|
|-heal|p2a: Chimecho|290/290|[from] item: Leftovers
|upkeep
|turn|17
|
|t:|1776977384
|move|p2a: Chimecho|Psyshock|p1a: Greedent
|-damage|p1a: Greedent|140/347
|move|p1a: Greedent|Knock Off|p2a: Chimecho
|-supereffective|p2a: Chimecho
|-damage|p2a: Chimecho|158/290
|-enditem|p2a: Chimecho|Leftovers|[from] move: Knock Off|[of] p1a: Greedent
|
|upkeep
|turn|18
|
|t:|1776977389
|move|p2a: Chimecho|Recover|p2a: Chimecho
|-heal|p2a: Chimecho|290/290
|move|p1a: Greedent|Double-Edge|p2a: Chimecho
|-damage|p2a: Chimecho|164/290
|-damage|p1a: Greedent|98/347|[from] Recoil
|
|upkeep
|turn|19
|
|t:|1776977399
|move|p2a: Chimecho|Psyshock|p1a: Greedent
|-damage|p1a: Greedent|0 fnt
|faint|p1a: Greedent
|
|upkeep
|
|t:|1776977415
|switch|p1a: Leavanny|Leavanny, L86, M|269/269
|turn|20
|
|t:|1776977427
|move|p1a: Leavanny|Sticky Web|p2a: Chimecho
|-sidestart|p2: ariaps|move: Sticky Web
|move|p2a: Chimecho|Recover|p2a: Chimecho
|-heal|p2a: Chimecho|290/290
|
|upkeep
|turn|21
|
|t:|1776977433
|move|p1a: Leavanny|Bullet Seed|p2a: Chimecho
|-crit|p2a: Chimecho
|-damage|p2a: Chimecho|245/290
|-damage|p2a: Chimecho|214/290
|-damage|p2a: Chimecho|186/290
|-damage|p2a: Chimecho|156/290
|-hitcount|p2a: Chimecho|4
|move|p2a: Chimecho|Psyshock|p1a: Leavanny
|-damage|p1a: Leavanny|106/269
|
|upkeep
|turn|22
|
|t:|1776977441
|move|p1a: Leavanny|Bullet Seed|p2a: Chimecho
|-damage|p2a: Chimecho|128/290
|-damage|p2a: Chimecho|101/290
|-damage|p2a: Chimecho|71/290
|-damage|p2a: Chimecho|38/290
|-hitcount|p2a: Chimecho|4
|move|p2a: Chimecho|Psyshock|p1a: Leavanny
|-damage|p1a: Leavanny|0 fnt
|faint|p1a: Leavanny
|
|upkeep
|
|t:|1776977466
|switch|p1a: Articuno|Articuno-Galar, L84|238/288
|turn|23
|
|t:|1776977481
|move|p1a: Articuno|Hurricane|p2a: Chimecho|[miss]
|-miss|p1a: Articuno|p2a: Chimecho
|move|p2a: Chimecho|Recover|p2a: Chimecho
|-heal|p2a: Chimecho|183/290
|
|upkeep
|turn|24
|
|t:|1776977486
|move|p1a: Articuno|Calm Mind|p1a: Articuno
|-boost|p1a: Articuno|spa|1
|-boost|p1a: Articuno|spd|1
|move|p2a: Chimecho|Recover|p2a: Chimecho
|-heal|p2a: Chimecho|290/290
|
|upkeep
|turn|25
|
|t:|1776977489
|move|p1a: Articuno|Calm Mind|p1a: Articuno
|-boost|p1a: Articuno|spa|1
|-boost|p1a: Articuno|spd|1
|move|p2a: Chimecho|Calm Mind|p2a: Chimecho
|-boost|p2a: Chimecho|spa|1
|-boost|p2a: Chimecho|spd|1
|
|upkeep
|turn|26
|
|t:|1776977492
|move|p1a: Articuno|Hurricane|p2a: Chimecho|[miss]
|-miss|p1a: Articuno|p2a: Chimecho
|move|p2a: Chimecho|Calm Mind|p2a: Chimecho
|-boost|p2a: Chimecho|spa|1
|-boost|p2a: Chimecho|spd|1
|
|upkeep
|turn|27
|
|t:|1776977496
|move|p1a: Articuno|Calm Mind|p1a: Articuno
|-boost|p1a: Articuno|spa|1
|-boost|p1a: Articuno|spd|1
|move|p2a: Chimecho|Calm Mind|p2a: Chimecho
|-boost|p2a: Chimecho|spa|1
|-boost|p2a: Chimecho|spd|1
|
|upkeep
|turn|28
|
|t:|1776977500
|move|p1a: Articuno|Hurricane|p2a: Chimecho
|-damage|p2a: Chimecho|193/290
|move|p2a: Chimecho|Psyshock|p1a: Articuno
|-resisted|p1a: Articuno
|-damage|p1a: Articuno|79/288
|
|upkeep
|turn|29
|
|t:|1776977504
|move|p1a: Articuno|Hurricane|p2a: Chimecho
|-damage|p2a: Chimecho|82/290
|-start|p2a: Chimecho|confusion
|-activate|p2a: Chimecho|confusion
|move|p2a: Chimecho|Psyshock|p1a: Articuno
|-resisted|p1a: Articuno
|-damage|p1a: Articuno|0 fnt
|faint|p1a: Articuno
|
|upkeep
|
|t:|1776977507
|switch|p1a: Blaziken|Blaziken, L76, M|247/247
|turn|30
|
|t:|1776977516
|-terastallize|p1a: Blaziken|Dark
|-activate|p2a: Chimecho|confusion
|move|p2a: Chimecho|Psyshock|p1a: Blaziken
|-immune|p1a: Blaziken
|move|p1a: Blaziken|Swords Dance|p1a: Blaziken
|-boost|p1a: Blaziken|atk|2
|
|-ability|p1a: Blaziken|Speed Boost|boost
|-boost|p1a: Blaziken|spe|1
|upkeep
|turn|31
|
|t:|1776977536
|move|p1a: Blaziken|Knock Off|p2a: Chimecho
|-supereffective|p2a: Chimecho
|-damage|p2a: Chimecho|0 fnt
|faint|p2a: Chimecho
|-damage|p1a: Blaziken|223/247|[from] item: Life Orb
|
|-ability|p1a: Blaziken|Speed Boost|boost
|-boost|p1a: Blaziken|spe|1
|upkeep
|
|t:|1776977557
|switch|p2a: Tinkaton|Tinkaton, L82, F|21/274
|-activate|p2a: Tinkaton|move: Sticky Web
|-unboost|p2a: Tinkaton|spe|1
|-ability|p2a: Tinkaton|Mold Breaker
|turn|32
|
|t:|1776977561
|move|p1a: Blaziken|Knock Off|p2a: Tinkaton
|-resisted|p2a: Tinkaton
|-damage|p2a: Tinkaton|0 fnt
|faint|p2a: Tinkaton
|-damage|p1a: Blaziken|199/247|[from] item: Life Orb
|
|-ability|p1a: Blaziken|Speed Boost|boost
|-boost|p1a: Blaziken|spe|1
|upkeep
|
|t:|1776977564
|switch|p2a: Houndoom|Houndoom, L87, M|272/272
|turn|33
|
|t:|1776977568
|move|p2a: Houndoom|Sucker Punch|p1a: Blaziken
|-resisted|p1a: Blaziken
|-damage|p1a: Blaziken|149/247
|move|p1a: Blaziken|Close Combat|p2a: Houndoom
|-supereffective|p2a: Houndoom
|-damage|p2a: Houndoom|0 fnt
|-unboost|p1a: Blaziken|def|1
|-unboost|p1a: Blaziken|spd|1
|faint|p2a: Houndoom
|-damage|p1a: Blaziken|125/247|[from] item: Life Orb
|
|-ability|p1a: Blaziken|Speed Boost|boost
|-boost|p1a: Blaziken|spe|1
|upkeep
|
|t:|1776977576
|switch|p2a: Lycanroc|Lycanroc, L86, F|187/269
|-activate|p2a: Lycanroc|move: Sticky Web
|-unboost|p2a: Lycanroc|spe|1
|turn|34
|
|t:|1776977579
|move|p2a: Lycanroc|Accelerock|p1a: Blaziken
|-damage|p1a: Blaziken|0 fnt
|faint|p1a: Blaziken
|
|upkeep
|
|t:|1776977582
|switch|p1a: Gurdurr|Gurdurr, L85, F|283/283 par
|turn|35
|
|t:|1776977587
|switch|p2a: Medicham|Medicham, L86, M|243/243
|-activate|p2a: Medicham|move: Sticky Web
|-unboost|p2a: Medicham|spe|1
|move|p1a: Gurdurr|Drain Punch|p2a: Medicham
|-resisted|p2a: Medicham
|-damage|p2a: Medicham|174/243
|
|upkeep
|turn|36
|
|t:|1776977592
|move|p2a: Medicham|Zen Headbutt|p1a: Gurdurr
|-supereffective|p1a: Gurdurr
|-damage|p1a: Gurdurr|113/283 par
|move|p1a: Gurdurr|Knock Off|p2a: Medicham
|-damage|p2a: Medicham|39/243
|-enditem|p2a: Medicham|Choice Scarf|[from] move: Knock Off|[of] p1a: Gurdurr
|
|upkeep
|turn|37
|
|t:|1776977598
|-terastallize|p2a: Medicham|Fighting
|move|p1a: Gurdurr|Mach Punch|p2a: Medicham
|-damage|p2a: Medicham|0 fnt
|faint|p2a: Medicham
|
|upkeep
|
|t:|1776977602
|switch|p2a: Lycanroc|Lycanroc, L86, F|187/269
|-activate|p2a: Lycanroc|move: Sticky Web
|-unboost|p2a: Lycanroc|spe|1
|turn|38
|
|t:|1776977608
|move|p2a: Lycanroc|Close Combat|p1a: Gurdurr
|-damage|p1a: Gurdurr|17/283 par
|-unboost|p2a: Lycanroc|def|1
|-unboost|p2a: Lycanroc|spd|1
|cant|p1a: Gurdurr|par
|
|upkeep
|turn|39
|c|☆ariaps|50/50
|c|☆ariaps|gl
|
|t:|1776977619
|move|p1a: Gurdurr|Mach Punch|p2a: Lycanroc
|-supereffective|p2a: Lycanroc
|-damage|p2a: Lycanroc|0 fnt
|faint|p2a: Lycanroc
|
|win|WindWaver
|raw|WindWaver's rating: 2053 &rarr; <strong>2069</strong><br />(+16 for winning)
|raw|ariaps's rating: 1987 &rarr; <strong>1971</strong><br />(-16 for losing)
|l|☆ariaps
|player|p2|
