|j|☆bottom1
|j|☆xloor
|t:|1776983548
|gametype|singles
|player|p1|bottom1|red|1801
|player|p2|xloor|colress|1857
|gen|9
|tier|[Gen 9] Random Battle
|rated|
|rule|Species Clause: Limit one of each Pokémon
|rule|HP Percentage Mod: HP is shown in percentages
|rule|Sleep Clause Mod: Limit one foe put to sleep
|rule|Illusion Level Mod: Illusion disguises the Pokémon's true level
|
|t:|1776983548
|teamsize|p1|6
|teamsize|p2|6
|start
|switch|p1a: Iron Leaves|Iron Leaves, L80|275/275
|switch|p2a: Flamigo|Flamigo, L82, M|269/269
|turn|1
|inactive|Battle timer is ON: inactive players will automatically lose when time's up. (requested by bottom1)
|
|t:|1776983590
|move|p1a: Iron Leaves|Psyblade|p2a: Flamigo
|-supereffective|p2a: Flamigo
|-damage|p2a: Flamigo|0 fnt
|faint|p2a: Flamigo
|-damage|p1a: Iron Leaves|248/275|[from] item: Life Orb
|
|upkeep
|
|t:|1776983599
|switch|p2a: Qwilfish|Qwilfish, L86, M|252/252
|-ability|p2a: Qwilfish|Intimidate|boost
|-unboost|p1a: Iron Leaves|atk|1
|turn|2
|
|t:|1776983613
|move|p1a: Iron Leaves|Psyblade|p2a: Qwilfish
|-supereffective|p2a: Qwilfish
|-damage|p2a: Qwilfish|80/252
|-damage|p1a: Iron Leaves|221/275|[from] item: Life Orb
|move|p2a: Qwilfish|Thunder Wave|p1a: Iron Leaves
|-status|p1a: Iron Leaves|par
|
|upkeep
|turn|3
|
|t:|1776983618
|-end|p1a: Iron Leaves|Quark Drive|[silent]
|switch|p1a: Darkrai|Darkrai, L77|234/234
|move|p2a: Qwilfish|Gunk Shot|p1a: Darkrai
|-damage|p1a: Darkrai|99/234
|-status|p1a: Darkrai|psn
|
|-damage|p1a: Darkrai|70/234 psn|[from] psn
|upkeep
|turn|4
|
|t:|1776983622
|switch|p2a: Hariyama|Hariyama, L87, M|392/392
|move|p1a: Darkrai|Dark Pulse|p2a: Hariyama
|-resisted|p2a: Hariyama
|-damage|p2a: Hariyama|340/392
|-damage|p1a: Darkrai|47/234 psn|[from] item: Life Orb
|
|-damage|p1a: Darkrai|18/234 psn|[from] psn
|upkeep
|turn|5
|
|t:|1776983625
|move|p2a: Hariyama|Bullet Punch|p1a: Darkrai
|-damage|p1a: Darkrai|0 fnt
|faint|p1a: Darkrai
|
|upkeep
|
|t:|1776983628
|switch|p1a: Tauros|Tauros-Paldea-Aqua, L81, M|254/254
|-ability|p1a: Tauros|Intimidate|boost
|-unboost|p2a: Hariyama|atk|1
|turn|6
|
|t:|1776983632
|move|p1a: Tauros|Wave Crash|p2a: Hariyama
|-damage|p2a: Hariyama|111/392
|-damage|p1a: Tauros|178/254|[from] Recoil
|move|p2a: Hariyama|Knock Off|p1a: Tauros
|-resisted|p1a: Tauros
|-damage|p1a: Tauros|153/254
|-enditem|p1a: Tauros|Choice Band|[from] move: Knock Off|[of] p2a: Hariyama
|
|upkeep
|turn|7
|
|t:|1776983636
|move|p1a: Tauros|Close Combat|p2a: Hariyama
|-damage|p2a: Hariyama|0 fnt
|-unboost|p1a: Tauros|def|1
|-unboost|p1a: Tauros|spd|1
|faint|p2a: Hariyama
|
|upkeep
|
|t:|1776983638
|switch|p2a: Blastoise|Blastoise, L80, M|258/258
|turn|8
|
|t:|1776983661
|move|p1a: Tauros|Close Combat|p2a: Blastoise
|-damage|p2a: Blastoise|135/258
|-unboost|p1a: Tauros|def|1
|-unboost|p1a: Tauros|spd|1
|move|p2a: Blastoise|Shell Smash|p2a: Blastoise
|-unboost|p2a: Blastoise|def|1
|-unboost|p2a: Blastoise|spd|1
|-boost|p2a: Blastoise|atk|2
|-boost|p2a: Blastoise|spa|2
|-boost|p2a: Blastoise|spe|2
|-enditem|p2a: Blastoise|White Herb
|-clearnegativeboost|p2a: Blastoise|[silent]
|
|upkeep
|turn|9
|
|t:|1776983666
|switch|p1a: Vigoroth|Vigoroth, L85, M|275/275
|move|p2a: Blastoise|Earthquake|p1a: Vigoroth
|-damage|p1a: Vigoroth|191/275
|
|upkeep
|turn|10
|
|t:|1776983671
|-terastallize|p2a: Blastoise|Steel
|move|p2a: Blastoise|Shell Smash|p2a: Blastoise
|-unboost|p2a: Blastoise|def|1
|-unboost|p2a: Blastoise|spd|1
|-boost|p2a: Blastoise|atk|2
|-boost|p2a: Blastoise|spa|2
|-boost|p2a: Blastoise|spe|2
|move|p1a: Vigoroth|Body Slam|p2a: Blastoise
|-resisted|p2a: Blastoise
|-damage|p2a: Blastoise|82/258
|-status|p2a: Blastoise|par
|
|upkeep
|turn|11
|
|t:|1776983692
|move|p2a: Blastoise|Hydro Pump|p1a: Vigoroth
|-crit|p1a: Vigoroth
|-damage|p1a: Vigoroth|0 fnt
|faint|p1a: Vigoroth
|
|upkeep
|
|t:|1776983701
|switch|p1a: Misdreavus|Misdreavus, L90, M|254/254
|turn|12
|
|t:|1776983704
|move|p2a: Blastoise|Hydro Pump|p1a: Misdreavus
|-damage|p1a: Misdreavus|0 fnt
|faint|p1a: Misdreavus
|
|upkeep
|
|t:|1776983709
|switch|p1a: Tauros|Tauros-Paldea-Aqua, L81, M|153/254
|-ability|p1a: Tauros|Intimidate|boost
|-unboost|p2a: Blastoise|atk|1
|turn|13
|
|t:|1776983713
|move|p1a: Tauros|Aqua Jet|p2a: Blastoise
|-damage|p2a: Blastoise|24/258 par
|move|p2a: Blastoise|Earthquake|p1a: Tauros
|-damage|p1a: Tauros|30/254
|
|upkeep
|turn|14
|
|t:|1776983717
|move|p1a: Tauros|Aqua Jet|p2a: Blastoise
|-damage|p2a: Blastoise|0 fnt
|faint|p2a: Blastoise
|
|upkeep
|
|t:|1776983720
|switch|p2a: Cyclizar|Cyclizar, L83, M|252/252
|turn|15
|
|t:|1776983730
|move|p2a: Cyclizar|Draco Meteor|p1a: Tauros
|-damage|p1a: Tauros|0 fnt
|-unboost|p2a: Cyclizar|spa|2
|faint|p1a: Tauros
|
|upkeep
|
|t:|1776983740
|switch|p1a: Iron Leaves|Iron Leaves, L80|221/275 par
|turn|16
|
|t:|1776983745
|move|p2a: Cyclizar|Knock Off|p1a: Iron Leaves
|-supereffective|p1a: Iron Leaves
|-damage|p1a: Iron Leaves|83/275 par
|-enditem|p1a: Iron Leaves|Life Orb|[from] move: Knock Off|[of] p2a: Cyclizar
|move|p1a: Iron Leaves|Psyblade|p2a: Cyclizar
|-damage|p2a: Cyclizar|137/252
|
|upkeep
|turn|17
|
|t:|1776983749
|move|p2a: Cyclizar|Knock Off|p1a: Iron Leaves
|-supereffective|p1a: Iron Leaves
|-damage|p1a: Iron Leaves|0 fnt
|faint|p1a: Iron Leaves
|-end|p1a: Iron Leaves|Quark Drive|[silent]
|
|upkeep
|
|t:|1776983763
|switch|p1a: Talonflame|Talonflame, L83, F|265/265
|turn|18
|
|t:|1776983770
|move|p1a: Talonflame|Swords Dance|p1a: Talonflame
|-boost|p1a: Talonflame|atk|2
|move|p2a: Cyclizar|Shed Tail|p2a: Cyclizar
|-start|p2a: Cyclizar|Substitute|[from] move: Shed Tail
|-damage|p2a: Cyclizar|11/252
|c|☆xloor|I'm sorry
|
|t:|1776983784
|switch|p2a: Illumise|Illumise, L91, F|266/266|[from] Shed Tail
|
|upkeep
|turn|19
|
|t:|1776983810
|move|p2a: Illumise|Encore|p1a: Talonflame
|-start|p1a: Talonflame|Encore
|move|p1a: Talonflame|Swords Dance|p1a: Talonflame
|-boost|p1a: Talonflame|atk|2
|
|upkeep
|turn|20
|
|t:|1776983814
|move|p1a: Talonflame|Swords Dance|p1a: Talonflame
|-boost|p1a: Talonflame|atk|2
|move|p2a: Illumise|Bug Buzz|p1a: Talonflame
|-resisted|p1a: Talonflame
|-damage|p1a: Talonflame|237/265
|
|upkeep
|turn|21
|
|t:|1776983816
|move|p1a: Talonflame|Swords Dance|p1a: Talonflame
|-boost|p1a: Talonflame|atk|0
|move|p2a: Illumise|Bug Buzz|p1a: Talonflame
|-resisted|p1a: Talonflame
|-damage|p1a: Talonflame|211/265
|
|-end|p1a: Talonflame|Encore
|upkeep
|turn|22
|
|t:|1776983819
|move|p2a: Illumise|Encore|p1a: Talonflame
|-start|p1a: Talonflame|Encore
|move|p1a: Talonflame|Swords Dance|p1a: Talonflame
|-boost|p1a: Talonflame|atk|0
|
|upkeep
|turn|23
|
|t:|1776983821
|move|p1a: Talonflame|Swords Dance|p1a: Talonflame
|-boost|p1a: Talonflame|atk|0
|move|p2a: Illumise|Bug Buzz|p1a: Talonflame
|-resisted|p1a: Talonflame
|-damage|p1a: Talonflame|186/265
|
|upkeep
|turn|24
|
|t:|1776983831
|move|p1a: Talonflame|Swords Dance|p1a: Talonflame
|-boost|p1a: Talonflame|atk|0
|move|p2a: Illumise|Bug Buzz|p1a: Talonflame
|-resisted|p1a: Talonflame
|-damage|p1a: Talonflame|159/265
|
|-end|p1a: Talonflame|Encore
|upkeep
|turn|25
|
|t:|1776983837
|move|p2a: Illumise|Encore|p1a: Talonflame
|-start|p1a: Talonflame|Encore
|move|p1a: Talonflame|Swords Dance|p1a: Talonflame
|-boost|p1a: Talonflame|atk|0
|
|upkeep
|turn|26
|-message|bottom1 forfeited.
|
|win|xloor
|raw|bottom1's rating: 1801 &rarr; <strong>1784</strong><br />(-17 for losing)
|raw|xloor's rating: 1857 &rarr; <strong>1874</strong><br />(+17 for winning)
|l|☆bottom1
|player|p1|
