|j|☆Aceryuzu
|j|☆cubelover67
|t:|1776984317
|gametype|singles
|player|p1|Aceryuzu|steven|
|player|p2|cubelover67|102|
|gen|9
|tier|[Gen 9] Random Battle
|rule|Species Clause: Limit one of each Pokémon
|rule|HP Percentage Mod: HP is shown in percentages
|rule|Sleep Clause Mod: Limit one foe put to sleep
|rule|Illusion Level Mod: Illusion disguises the Pokémon's true level
|
|t:|1776984317
|teamsize|p1|6
|teamsize|p2|6
|start
|switch|p1a: Hitmonlee|Hitmonlee, L85, M|224/224
|switch|p2a: Flareon|Flareon, L90, M|263/263
|turn|1
|
|t:|1776984346
|switch|p2a: Medicham|Medicham, L86, M|243/243
|move|p1a: Hitmonlee|Knock Off|p2a: Medicham
|-damage|p2a: Medicham|152/243
|-enditem|p2a: Medicham|Choice Band|[from] move: Knock Off|[of] p1a: Hitmonlee
|
|upkeep
|turn|2
|
|t:|1776984362
|switch|p1a: Scream Tail|Scream Tail, L84|330/330
|move|p2a: Medicham|Zen Headbutt|p1a: Scream Tail
|-resisted|p1a: Scream Tail
|-damage|p1a: Scream Tail|270/330
|
|-heal|p1a: Scream Tail|290/330|[from] item: Leftovers
|upkeep
|turn|3
|
|t:|1776984377
|move|p1a: Scream Tail|Encore|p2a: Medicham
|-start|p2a: Medicham|Encore
|move|p2a: Medicham|Zen Headbutt|p1a: Scream Tail
|-resisted|p1a: Scream Tail
|-damage|p1a: Scream Tail|236/330
|
|-heal|p1a: Scream Tail|256/330|[from] item: Leftovers
|upkeep
|turn|4
|
|t:|1776984394
|switch|p2a: Primarina|Primarina, L83, F|268/268
|move|p1a: Scream Tail|Wish|p1a: Scream Tail
|
|-heal|p1a: Scream Tail|276/330|[from] item: Leftovers
|upkeep
|turn|5
|
|t:|1776984406
|move|p1a: Scream Tail|Play Rough|p2a: Primarina
|-damage|p2a: Primarina|184/268
|move|p2a: Primarina|Calm Mind|p2a: Primarina
|-boost|p2a: Primarina|spa|1
|-boost|p2a: Primarina|spd|1
|
|-heal|p1a: Scream Tail|330/330|[from] move: Wish|[wisher] Scream Tail
|-heal|p2a: Primarina|200/268|[from] item: Leftovers
|upkeep
|turn|6
|
|t:|1776984418
|switch|p2a: Mesprit|Mesprit, L85|275/275
|move|p1a: Scream Tail|Encore||[still]
|-fail|p1a: Scream Tail
|
|upkeep
|turn|7
|
|t:|1776984424
|-end|p1a: Scream Tail|Protosynthesis|[silent]
|switch|p1a: Jolteon|Jolteon, L84, F|246/246
|move|p2a: Mesprit|Thunderbolt|p1a: Jolteon
|-immune|p1a: Jolteon|[from] ability: Volt Absorb
|
|upkeep
|turn|8
|
|t:|1776984439
|switch|p2a: Flareon|Flareon, L90, M|263/263
|move|p1a: Jolteon|Calm Mind|p1a: Jolteon
|-boost|p1a: Jolteon|spa|1
|-boost|p1a: Jolteon|spd|1
|
|-status|p2a: Flareon|tox|[from] item: Toxic Orb
|upkeep
|turn|9
|
|t:|1776984458
|switch|p1a: Regirock|Regirock, L83|268/268
|move|p2a: Flareon|Flare Blitz|p1a: Regirock
|-resisted|p1a: Regirock
|-damage|p1a: Regirock|190/268
|-damage|p2a: Flareon|237/263 tox|[from] Recoil
|
|-heal|p1a: Regirock|206/268|[from] item: Leftovers
|-damage|p2a: Flareon|221/263 tox|[from] psn
|upkeep
|turn|10
|
|t:|1776984479
|switch|p2a: Coalossal|Coalossal, L89, M|341/341
|move|p1a: Regirock|Thunder Wave|p2a: Coalossal
|-status|p2a: Coalossal|par
|
|-heal|p1a: Regirock|222/268|[from] item: Leftovers
|upkeep
|turn|11
|
|t:|1776984490
|move|p1a: Regirock|Body Press|p2a: Coalossal
|-supereffective|p2a: Coalossal
|-damage|p2a: Coalossal|181/341 par
|-status|p1a: Regirock|brn|[from] ability: Flame Body|[of] p2a: Coalossal
|move|p2a: Coalossal|Will-O-Wisp|p1a: Regirock
|-fail|p1a: Regirock|brn
|
|-heal|p1a: Regirock|238/268 brn|[from] item: Leftovers
|-damage|p1a: Regirock|222/268 brn|[from] brn
|upkeep
|turn|12
|
|t:|1776984506
|switch|p2a: Mesprit|Mesprit, L85|275/275
|move|p1a: Regirock|Stealth Rock|p2a: Mesprit
|-sidestart|p2: cubelover67|move: Stealth Rock
|
|-heal|p1a: Regirock|238/268 brn|[from] item: Leftovers
|-damage|p1a: Regirock|222/268 brn|[from] brn
|upkeep
|turn|13
|
|t:|1776984519
|move|p2a: Mesprit|Thunderbolt|p1a: Regirock
|-damage|p1a: Regirock|163/268 brn
|move|p1a: Regirock|Thunder Wave|p2a: Mesprit
|-status|p2a: Mesprit|par
|
|-heal|p1a: Regirock|179/268 brn|[from] item: Leftovers
|-damage|p1a: Regirock|163/268 brn|[from] brn
|upkeep
|turn|14
|
|t:|1776984528
|switch|p1a: Jolteon|Jolteon, L84, F|246/246
|move|p2a: Mesprit|Thunderbolt|p1a: Jolteon
|-immune|p1a: Jolteon|[from] ability: Volt Absorb
|
|upkeep
|turn|15
|
|t:|1776984551
|switch|p2a: Coalossal|Coalossal, L89, M|181/341 par
|move|p1a: Jolteon|Shadow Ball|p2a: Coalossal
|-damage|p2a: Coalossal|108/341 par
|-damage|p1a: Jolteon|222/246|[from] item: Life Orb
|
|upkeep
|turn|16
|
|t:|1776984567
|switch|p1a: Regirock|Regirock, L83|163/268 brn
|move|p2a: Coalossal|Will-O-Wisp|p1a: Regirock|[miss]
|-miss|p2a: Coalossal|p1a: Regirock
|
|-heal|p1a: Regirock|179/268 brn|[from] item: Leftovers
|-damage|p1a: Regirock|163/268 brn|[from] brn
|upkeep
|turn|17
|
|t:|1776984577
|move|p1a: Regirock|Body Press|p2a: Coalossal
|-supereffective|p2a: Coalossal
|-damage|p2a: Coalossal|36/341 par
|move|p2a: Coalossal|Stone Edge|p1a: Regirock
|-damage|p1a: Regirock|111/268 brn
|
|-heal|p1a: Regirock|127/268 brn|[from] item: Leftovers
|-damage|p1a: Regirock|111/268 brn|[from] brn
|upkeep
|turn|18
|
|t:|1776984588
|switch|p2a: Mesprit|Mesprit, L85|275/275 par
|-damage|p2a: Mesprit|241/275 par|[from] Stealth Rock
|move|p1a: Regirock|Body Press|p2a: Mesprit
|-resisted|p2a: Mesprit
|-damage|p2a: Mesprit|221/275 par
|
|-heal|p1a: Regirock|127/268 brn|[from] item: Leftovers
|-damage|p1a: Regirock|111/268 brn|[from] brn
|upkeep
|turn|19
|
|t:|1776984600
|switch|p1a: Scream Tail|Scream Tail, L84|330/330
|cant|p2a: Mesprit|par
|
|upkeep
|turn|20
|
|t:|1776984607
|move|p1a: Scream Tail|Play Rough|p2a: Mesprit
|-damage|p2a: Mesprit|161/275 par
|move|p2a: Mesprit|Thunderbolt|p1a: Scream Tail
|-damage|p1a: Scream Tail|272/330
|
|-heal|p1a: Scream Tail|292/330|[from] item: Leftovers
|upkeep
|turn|21
|
|t:|1776984614
|move|p1a: Scream Tail|Wish|p1a: Scream Tail
|move|p2a: Mesprit|Thunderbolt|p1a: Scream Tail
|-damage|p1a: Scream Tail|231/330
|
|-heal|p1a: Scream Tail|251/330|[from] item: Leftovers
|upkeep
|turn|22
|
|t:|1776984621
|-end|p1a: Scream Tail|Protosynthesis|[silent]
|switch|p1a: Regirock|Regirock, L83|111/268 brn
|move|p2a: Mesprit|Thunderbolt|p1a: Regirock
|-damage|p1a: Regirock|47/268 brn
|
|-heal|p1a: Regirock|212/268 brn|[from] move: Wish|[wisher] Scream Tail
|-heal|p1a: Regirock|228/268 brn|[from] item: Leftovers
|-damage|p1a: Regirock|212/268 brn|[from] brn
|upkeep
|turn|23
|
|t:|1776984635
|switch|p2a: Primarina|Primarina, L83, F|200/268
|-damage|p2a: Primarina|167/268|[from] Stealth Rock
|switch|p1a: Jolteon|Jolteon, L84, F|222/246
|
|-heal|p2a: Primarina|183/268|[from] item: Leftovers
|upkeep
|turn|24
|
|t:|1776984655
|switch|p2a: Flareon|Flareon, L90, M|221/263 tox
|-damage|p2a: Flareon|156/263 tox|[from] Stealth Rock
|move|p1a: Jolteon|Thunderbolt|p2a: Flareon
|-damage|p2a: Flareon|42/263 tox
|-damage|p1a: Jolteon|198/246|[from] item: Life Orb
|
|-damage|p2a: Flareon|26/263 tox|[from] psn
|upkeep
|turn|25
|
|t:|1776984677
|move|p2a: Flareon|Quick Attack|p1a: Jolteon
|-damage|p1a: Jolteon|118/246
|move|p1a: Jolteon|Shadow Ball|p2a: Flareon
|-damage|p2a: Flareon|0 fnt
|faint|p2a: Flareon
|-damage|p1a: Jolteon|94/246|[from] item: Life Orb
|
|upkeep
|
|t:|1776984689
|switch|p2a: Coalossal|Coalossal, L89, M|36/341 par
|turn|26
|
|t:|1776984697
|move|p1a: Jolteon|Shadow Ball|p2a: Coalossal
|-damage|p2a: Coalossal|0 fnt
|faint|p2a: Coalossal
|-damage|p1a: Jolteon|70/246|[from] item: Life Orb
|
|upkeep
|
|t:|1776984707
|switch|p2a: Mesprit|Mesprit, L85|161/275 par
|-damage|p2a: Mesprit|127/275 par|[from] Stealth Rock
|turn|27
|
|t:|1776984713
|move|p1a: Jolteon|Shadow Ball|p2a: Mesprit
|-supereffective|p2a: Mesprit
|-damage|p2a: Mesprit|0 fnt
|faint|p2a: Mesprit
|-damage|p1a: Jolteon|46/246|[from] item: Life Orb
|
|upkeep
|
|t:|1776984719
|switch|p2a: Medicham|Medicham, L86, M|152/243
|-damage|p2a: Medicham|137/243|[from] Stealth Rock
|turn|28
|
|t:|1776984727
|move|p1a: Jolteon|Shadow Ball|p2a: Medicham
|-supereffective|p2a: Medicham
|-damage|p2a: Medicham|0 fnt
|faint|p2a: Medicham
|-damage|p1a: Jolteon|22/246|[from] item: Life Orb
|
|upkeep
|
|t:|1776984733
|switch|p2a: Primarina|Primarina, L83, F|183/268
|-damage|p2a: Primarina|150/268|[from] Stealth Rock
|turn|29
|
|t:|1776984739
|switch|p1a: Scream Tail|Scream Tail, L84|251/330
|move|p2a: Primarina|Psychic|p1a: Scream Tail
|-resisted|p1a: Scream Tail
|-damage|p1a: Scream Tail|220/330
|
|-heal|p1a: Scream Tail|240/330|[from] item: Leftovers
|-heal|p2a: Primarina|166/268|[from] item: Leftovers
|upkeep
|turn|30
|
|t:|1776984754
|move|p1a: Scream Tail|Wish|p1a: Scream Tail
|move|p2a: Primarina|Calm Mind|p2a: Primarina
|-boost|p2a: Primarina|spa|1
|-boost|p2a: Primarina|spd|1
|
|-heal|p1a: Scream Tail|260/330|[from] item: Leftovers
|-heal|p2a: Primarina|182/268|[from] item: Leftovers
|upkeep
|turn|31
|
|t:|1776984769
|move|p1a: Scream Tail|Encore|p2a: Primarina
|-start|p2a: Primarina|Encore
|move|p2a: Primarina|Calm Mind|p2a: Primarina
|-boost|p2a: Primarina|spa|1
|-boost|p2a: Primarina|spd|1
|
|-heal|p1a: Scream Tail|330/330|[from] move: Wish|[wisher] Scream Tail
|-heal|p2a: Primarina|198/268|[from] item: Leftovers
|upkeep
|turn|32
|
|t:|1776984780
|switch|p2a: Zekrom|Zekrom, L71|259/259
|-damage|p2a: Zekrom|227/259|[from] Stealth Rock
|-ability|p2a: Zekrom|Teravolt
|move|p1a: Scream Tail|Wish|p1a: Scream Tail
|
|-heal|p2a: Zekrom|243/259|[from] item: Leftovers
|upkeep
|turn|33
|
|t:|1776984794
|move|p1a: Scream Tail|Play Rough|p2a: Zekrom|[miss]
|-miss|p1a: Scream Tail|p2a: Zekrom
|move|p2a: Zekrom|Dragon Dance|p2a: Zekrom
|-boost|p2a: Zekrom|atk|1
|-boost|p2a: Zekrom|spe|1
|
|-heal|p2a: Zekrom|259/259|[from] item: Leftovers
|upkeep
|turn|34
|
|t:|1776984808
|move|p2a: Zekrom|Bolt Strike|p1a: Scream Tail
|-crit|p1a: Scream Tail
|-damage|p1a: Scream Tail|44/330
|move|p1a: Scream Tail|Encore|p2a: Zekrom
|-start|p2a: Zekrom|Encore
|
|-heal|p1a: Scream Tail|64/330|[from] item: Leftovers
|upkeep
|turn|35
|
|t:|1776984819
|switch|p2a: Primarina|Primarina, L83, F|198/268
|-damage|p2a: Primarina|165/268|[from] Stealth Rock
|-end|p1a: Scream Tail|Protosynthesis|[silent]
|switch|p1a: Jolteon|Jolteon, L84, F|22/246
|
|-heal|p2a: Primarina|181/268|[from] item: Leftovers
|upkeep
|turn|36
|
|t:|1776984836
|switch|p1a: Hitmonlee|Hitmonlee, L85, M|224/224
|move|p2a: Primarina|Draining Kiss|p1a: Hitmonlee
|-supereffective|p1a: Hitmonlee
|-damage|p1a: Hitmonlee|116/224
|-heal|p2a: Primarina|262/268|[from] drain|[of] p1a: Hitmonlee
|
|-heal|p2a: Primarina|268/268|[from] item: Leftovers
|upkeep
|turn|37
|
|t:|1776984847
|move|p1a: Hitmonlee|Poison Jab|p2a: Primarina
|-supereffective|p2a: Primarina
|-damage|p2a: Primarina|122/268
|move|p2a: Primarina|Psychic|p1a: Hitmonlee
|-supereffective|p1a: Hitmonlee
|-damage|p1a: Hitmonlee|0 fnt
|faint|p1a: Hitmonlee
|
|-heal|p2a: Primarina|138/268|[from] item: Leftovers
|upkeep
|
|t:|1776984852
|switch|p1a: Scream Tail|Scream Tail, L84|64/330
|turn|38
|
|t:|1776984862
|move|p1a: Scream Tail|Wish|p1a: Scream Tail
|move|p2a: Primarina|Draining Kiss|p1a: Scream Tail
|-damage|p1a: Scream Tail|15/330
|-heal|p2a: Primarina|175/268|[from] drain|[of] p1a: Scream Tail
|
|-heal|p1a: Scream Tail|35/330|[from] item: Leftovers
|-heal|p2a: Primarina|191/268|[from] item: Leftovers
|upkeep
|turn|39
|
|t:|1776984872
|move|p1a: Scream Tail|Protect|p1a: Scream Tail
|-singleturn|p1a: Scream Tail|Protect
|move|p2a: Primarina|Calm Mind|p2a: Primarina
|-boost|p2a: Primarina|spa|1
|-boost|p2a: Primarina|spd|1
|
|-heal|p1a: Scream Tail|200/330|[from] move: Wish|[wisher] Scream Tail
|-heal|p1a: Scream Tail|220/330|[from] item: Leftovers
|-heal|p2a: Primarina|207/268|[from] item: Leftovers
|upkeep
|turn|40
|
|t:|1776984883
|switch|p2a: Zekrom|Zekrom, L71|259/259
|-damage|p2a: Zekrom|227/259|[from] Stealth Rock
|-ability|p2a: Zekrom|Teravolt
|move|p1a: Scream Tail|Encore||[still]
|-fail|p1a: Scream Tail
|
|-heal|p1a: Scream Tail|240/330|[from] item: Leftovers
|-heal|p2a: Zekrom|243/259|[from] item: Leftovers
|upkeep
|turn|41
|
|t:|1776984892
|move|p1a: Scream Tail|Play Rough|p2a: Zekrom
|-supereffective|p2a: Zekrom
|-damage|p2a: Zekrom|121/259
|move|p2a: Zekrom|Dragon Dance|p2a: Zekrom
|-boost|p2a: Zekrom|atk|1
|-boost|p2a: Zekrom|spe|1
|
|-heal|p2a: Zekrom|137/259|[from] item: Leftovers
|-heal|p1a: Scream Tail|260/330|[from] item: Leftovers
|upkeep
|turn|42
|
|t:|1776984906
|-terastallize|p2a: Zekrom|Electric
|move|p2a: Zekrom|Bolt Strike|p1a: Scream Tail
|-damage|p1a: Scream Tail|0 fnt
|faint|p1a: Scream Tail
|-end|p1a: Scream Tail|Protosynthesis|[silent]
|
|-heal|p2a: Zekrom|153/259|[from] item: Leftovers
|upkeep
|
|t:|1776984912
|switch|p1a: Flygon|Flygon, L82, M|265/265
|turn|43
|
|t:|1776984917
|move|p1a: Flygon|Earthquake|p2a: Zekrom
|-supereffective|p2a: Zekrom
|-damage|p2a: Zekrom|0 fnt
|faint|p2a: Zekrom
|
|upkeep
|
|t:|1776984923
|switch|p2a: Primarina|Primarina, L83, F|207/268
|-damage|p2a: Primarina|174/268|[from] Stealth Rock
|turn|44
|
|t:|1776984932
|-terastallize|p1a: Flygon|Steel
|move|p1a: Flygon|Earthquake|p2a: Primarina
|-damage|p2a: Primarina|65/268
|move|p2a: Primarina|Draining Kiss|p1a: Flygon
|-resisted|p1a: Flygon
|-damage|p1a: Flygon|229/265
|-heal|p2a: Primarina|92/268|[from] drain|[of] p1a: Flygon
|
|-heal|p2a: Primarina|108/268|[from] item: Leftovers
|upkeep
|turn|45
|
|t:|1776984945
|move|p1a: Flygon|Earthquake|p2a: Primarina
|-damage|p2a: Primarina|0 fnt
|faint|p2a: Primarina
|
|win|Aceryuzu
