|j|☆vbeechu
|j|☆rayma984
|t:|1776972549
|gametype|singles
|player|p1|vbeechu|yancy|1902
|player|p2|rayma984|steven|1863
|gen|9
|tier|[Gen 9] Random Battle
|rated|
|rule|Species Clause: Limit one of each Pokémon
|rule|HP Percentage Mod: HP is shown in percentages
|rule|Sleep Clause Mod: Limit one foe put to sleep
|rule|Illusion Level Mod: Illusion disguises the Pokémon's true level
|
|t:|1776972549
|teamsize|p1|6
|teamsize|p2|6
|start
|switch|p1a: Dachsbun|Dachsbun, L92, M|254/254
|switch|p2a: Lugia|Lugia, L73|275/275
|turn|1
|inactive|Battle timer is ON: inactive players will automatically lose when time's up. (requested by rayma984)
|c|☆rayma984|glhf
|inactive|vbeechu has 120 seconds left.
|
|t:|1776972586
|switch|p1a: Honchkrow|Honchkrow, L86, F|312/312
|move|p2a: Lugia|Calm Mind|p2a: Lugia
|-boost|p2a: Lugia|spa|1
|-boost|p2a: Lugia|spd|1
|
|upkeep
|turn|2
|
|t:|1776972607
|move|p2a: Lugia|Aeroblast|p1a: Honchkrow
|-damage|p1a: Honchkrow|161/312
|move|p1a: Honchkrow|Lash Out|p2a: Lugia
|-supereffective|p2a: Lugia
|-damage|p2a: Lugia|184/275
|
|upkeep
|turn|3
|
|t:|1776972626
|move|p1a: Honchkrow|Sucker Punch||[still]
|-fail|p1a: Honchkrow
|move|p2a: Lugia|Recover|p2a: Lugia
|-heal|p2a: Lugia|275/275
|
|upkeep
|turn|4
|
|t:|1776972629
|move|p2a: Lugia|Aeroblast|p1a: Honchkrow
|-damage|p1a: Honchkrow|2/312
|move|p1a: Honchkrow|Lash Out|p2a: Lugia
|-supereffective|p2a: Lugia
|-damage|p2a: Lugia|187/275
|
|upkeep
|turn|5
|
|t:|1776972632
|move|p2a: Lugia|Aeroblast|p1a: Honchkrow
|-crit|p1a: Honchkrow
|-damage|p1a: Honchkrow|0 fnt
|faint|p1a: Honchkrow
|
|upkeep
|
|t:|1776972644
|switch|p1a: Plusle|Plusle, L95, F|268/268
|turn|6
|
|t:|1776972648
|move|p1a: Plusle|Encore|p2a: Lugia
|-start|p2a: Lugia|Encore
|move|p2a: Lugia|Aeroblast|p1a: Plusle
|-resisted|p1a: Plusle
|-damage|p1a: Plusle|214/268
|
|upkeep
|turn|7
|
|t:|1776972655
|switch|p2a: Blissey|Blissey, L85, F|572/572
|move|p1a: Plusle|Nasty Plot|p1a: Plusle
|-boost|p1a: Plusle|spa|2
|
|upkeep
|turn|8
|
|t:|1776972661
|move|p1a: Plusle|Thunderbolt|p2a: Blissey
|-damage|p2a: Blissey|377/572
|-status|p2a: Blissey|par
|-damage|p1a: Plusle|188/268|[from] item: Life Orb
|move|p2a: Blissey|Seismic Toss|p1a: Plusle
|-damage|p1a: Plusle|103/268
|
|-heal|p2a: Blissey|412/572 par|[from] item: Leftovers
|upkeep
|turn|9
|
|t:|1776972677
|switch|p1a: Dachsbun|Dachsbun, L92, M|254/254
|move|p2a: Blissey|Seismic Toss|p1a: Dachsbun
|-damage|p1a: Dachsbun|169/254
|
|-heal|p1a: Dachsbun|184/254|[from] item: Leftovers
|-heal|p2a: Blissey|447/572 par|[from] item: Leftovers
|upkeep
|turn|10
|
|t:|1776972693
|-curestatus|p2a: Blissey|par|[from] ability: Natural Cure
|switch|p2a: Mesprit|Mesprit, L85|275/275
|move|p1a: Dachsbun|Wish|p1a: Dachsbun
|
|-heal|p1a: Dachsbun|199/254|[from] item: Leftovers
|upkeep
|turn|11
|
|t:|1776972715
|switch|p1a: Swanna|Swanna, L89, M|278/278
|move|p2a: Mesprit|Psychic Noise|p1a: Swanna
|-damage|p1a: Swanna|167/278
|-start|p1a: Swanna|move: Heal Block
|
|upkeep
|turn|12
|
|t:|1776972724
|move|p1a: Swanna|Brave Bird|p2a: Mesprit
|-crit|p2a: Mesprit
|-damage|p2a: Mesprit|97/275
|-damage|p1a: Swanna|108/278|[from] Recoil
|move|p2a: Mesprit|Psychic Noise|p1a: Swanna
|-damage|p1a: Swanna|0 fnt
|faint|p1a: Swanna
|
|-heal|p2a: Mesprit|114/275|[from] item: Leftovers
|upkeep
|
|t:|1776972737
|switch|p1a: Plusle|Plusle, L95, F|103/268
|turn|13
|
|t:|1776972750
|switch|p2a: Blissey|Blissey, L85, F|447/572
|move|p1a: Plusle|Thunderbolt|p2a: Blissey
|-damage|p2a: Blissey|340/572
|-damage|p1a: Plusle|77/268|[from] item: Life Orb
|
|-heal|p2a: Blissey|375/572|[from] item: Leftovers
|upkeep
|turn|14
|
|t:|1776972756
|switch|p1a: Dachsbun|Dachsbun, L92, M|199/254
|move|p2a: Blissey|Seismic Toss|p1a: Dachsbun
|-damage|p1a: Dachsbun|114/254
|
|-heal|p1a: Dachsbun|129/254|[from] item: Leftovers
|-heal|p2a: Blissey|410/572|[from] item: Leftovers
|upkeep
|turn|15
|
|t:|1776972772
|move|p1a: Dachsbun|Play Rough|p2a: Blissey
|-damage|p2a: Blissey|122/572
|-unboost|p2a: Blissey|atk|1
|move|p2a: Blissey|Thunder Wave|p1a: Dachsbun|[miss]
|-miss|p2a: Blissey|p1a: Dachsbun
|
|-heal|p1a: Dachsbun|144/254|[from] item: Leftovers
|-heal|p2a: Blissey|157/572|[from] item: Leftovers
|upkeep
|turn|16
|
|t:|1776972779
|switch|p2a: Lugia|Lugia, L73|187/275
|move|p1a: Dachsbun|Play Rough|p2a: Lugia
|-damage|p2a: Lugia|105/275
|
|-heal|p1a: Dachsbun|159/254|[from] item: Leftovers
|upkeep
|turn|17
|
|t:|1776972784
|move|p1a: Dachsbun|Wish|p1a: Dachsbun
|move|p2a: Lugia|Recover|p2a: Lugia
|-heal|p2a: Lugia|243/275
|
|-heal|p1a: Dachsbun|174/254|[from] item: Leftovers
|upkeep
|turn|18
|
|t:|1776972790
|switch|p1a: Plusle|Plusle, L95, F|77/268
|move|p2a: Lugia|Psychic Noise|p1a: Plusle
|-damage|p1a: Plusle|16/268
|-start|p1a: Plusle|move: Heal Block
|
|upkeep
|turn|19
|
|t:|1776972798
|move|p1a: Plusle|Thunderbolt|p2a: Lugia
|-supereffective|p2a: Lugia
|-damage|p2a: Lugia|32/275
|-damage|p1a: Plusle|0 fnt|[from] item: Life Orb
|faint|p1a: Plusle
|move|p2a: Lugia|Psychic Noise|p1: Plusle|[notarget]
|-fail|p2a: Lugia
|
|upkeep
|
|t:|1776972807
|switch|p1a: Dachsbun|Dachsbun, L92, M|174/254
|turn|20
|
|t:|1776972816
|move|p1a: Dachsbun|Play Rough|p2a: Lugia|[miss]
|-miss|p1a: Dachsbun|p2a: Lugia
|move|p2a: Lugia|Aeroblast|p1a: Dachsbun
|-damage|p1a: Dachsbun|92/254
|
|-heal|p1a: Dachsbun|107/254|[from] item: Leftovers
|upkeep
|turn|21
|
|t:|1776972823
|move|p1a: Dachsbun|Play Rough|p2a: Lugia
|-damage|p2a: Lugia|0 fnt
|faint|p2a: Lugia
|
|-heal|p1a: Dachsbun|122/254|[from] item: Leftovers
|upkeep
|
|t:|1776972832
|switch|p2a: Swanna|Swanna, L89, F|278/278
|turn|22
|
|t:|1776972841
|move|p1a: Dachsbun|Protect|p1a: Dachsbun
|-singleturn|p1a: Dachsbun|Protect
|move|p2a: Swanna|Hydro Pump|p1a: Dachsbun
|-activate|p1a: Dachsbun|move: Protect
|
|-heal|p1a: Dachsbun|137/254|[from] item: Leftovers
|upkeep
|turn|23
|
|t:|1776972845
|switch|p1a: Lumineon|Lumineon, L93, F|279/279
|move|p2a: Swanna|Hydro Pump|p1a: Lumineon
|-ability|p1a: Lumineon|Storm Drain|boost
|-boost|p1a: Lumineon|spa|1
|
|upkeep
|turn|24
|
|t:|1776972849
|move|p2a: Swanna|Knock Off|p1a: Lumineon
|-damage|p1a: Lumineon|210/279
|-enditem|p1a: Lumineon|Heavy-Duty Boots|[from] move: Knock Off|[of] p2a: Swanna
|move|p1a: Lumineon|Encore|p2a: Swanna
|-start|p2a: Swanna|Encore
|
|upkeep
|turn|25
|
|t:|1776972856
|move|p2a: Swanna|Knock Off|p1a: Lumineon
|-damage|p1a: Lumineon|164/279
|move|p1a: Lumineon|Ice Beam|p2a: Swanna
|-damage|p2a: Swanna|162/278
|
|upkeep
|turn|26
|
|t:|1776972859
|move|p2a: Swanna|Knock Off|p1a: Lumineon
|-damage|p1a: Lumineon|119/279
|move|p1a: Lumineon|Ice Beam|p2a: Swanna
|-damage|p2a: Swanna|48/278
|
|upkeep
|turn|27
|
|t:|1776972863
|switch|p2a: Muk|Muk-Alola, L82, M|306/306
|move|p1a: Lumineon|Ice Beam|p2a: Muk
|-damage|p2a: Muk|253/306
|-status|p2a: Muk|frz
|
|upkeep
|turn|28
|
|t:|1776972866
|move|p1a: Lumineon|Hydro Pump|p2a: Muk
|-damage|p2a: Muk|147/306 frz
|cant|p2a: Muk|frz
|
|upkeep
|turn|29
|
|t:|1776972872
|cant|p2a: Muk|frz
|move|p1a: Lumineon|Hydro Pump|p2a: Muk
|-damage|p2a: Muk|48/306 frz
|
|upkeep
|turn|30
|
|t:|1776972877
|-curestatus|p2a: Muk|frz|[msg]
|move|p2a: Muk|Shadow Sneak|p1a: Lumineon
|-damage|p1a: Lumineon|88/279
|-status|p1a: Lumineon|psn|[from] ability: Poison Touch|[of] p2a: Muk
|move|p1a: Lumineon|Ice Beam|p2a: Muk
|-damage|p2a: Muk|0 fnt
|faint|p2a: Muk
|
|-damage|p1a: Lumineon|54/279 psn|[from] psn
|upkeep
|
|t:|1776972885
|switch|p2a: Swanna|Swanna, L89, F|48/278
|turn|31
|
|t:|1776972890
|move|p2a: Swanna|Brave Bird|p1a: Lumineon
|-damage|p1a: Lumineon|0 fnt
|faint|p1a: Lumineon
|-damage|p2a: Swanna|30/278|[from] Recoil
|
|upkeep
|
|t:|1776972899
|switch|p1a: Dachsbun|Dachsbun, L92, M|137/254
|turn|32
|
|t:|1776972905
|move|p1a: Dachsbun|Body Press|p2a: Swanna
|-resisted|p2a: Swanna
|-damage|p2a: Swanna|0 fnt
|faint|p2a: Swanna
|
|-heal|p1a: Dachsbun|152/254|[from] item: Leftovers
|upkeep
|
|t:|1776972910
|switch|p2a: Mesprit|Mesprit, L85|114/275
|turn|33
|
|t:|1776972916
|move|p1a: Dachsbun|Protect|p1a: Dachsbun
|-singleturn|p1a: Dachsbun|Protect
|move|p2a: Mesprit|Thunder Wave|p1a: Dachsbun
|-activate|p1a: Dachsbun|move: Protect
|
|-heal|p1a: Dachsbun|167/254|[from] item: Leftovers
|-heal|p2a: Mesprit|131/275|[from] item: Leftovers
|upkeep
|turn|34
|
|t:|1776972921
|switch|p1a: Slowking|Slowking-Galar, L85, F|300/300
|move|p2a: Mesprit|Thunder Wave|p1a: Slowking
|-status|p1a: Slowking|par
|
|-heal|p2a: Mesprit|148/275|[from] item: Leftovers
|upkeep
|turn|35
|
|t:|1776972930
|move|p2a: Mesprit|Knock Off|p1a: Slowking
|-supereffective|p1a: Slowking
|-damage|p1a: Slowking|148/300 par
|-enditem|p1a: Slowking|Heavy-Duty Boots|[from] move: Knock Off|[of] p2a: Mesprit
|move|p1a: Slowking|Psychic Noise|p2a: Mesprit
|-resisted|p2a: Mesprit
|-damage|p2a: Mesprit|109/275
|-start|p2a: Mesprit|move: Heal Block
|
|upkeep
|turn|36
|
|t:|1776972947
|move|p2a: Mesprit|Psychic Noise|p1a: Slowking
|-damage|p1a: Slowking|72/300 par
|-start|p1a: Slowking|move: Heal Block
|-prepare|p1a: Slowking|Chilly Reception|[premajor]
|move|p1a: Slowking|Chilly Reception|p1a: Slowking
|-weather|Snowscape
|
|t:|1776972953
|switch|p1a: Dachsbun|Dachsbun, L92, M|167/254|[from] Chilly Reception
|
|-weather|Snowscape|[upkeep]
|-heal|p1a: Dachsbun|182/254|[from] item: Leftovers
|-end|p2a: Mesprit|move: Heal Block
|upkeep
|turn|37
|
|t:|1776972956
|move|p1a: Dachsbun|Play Rough|p2a: Mesprit
|-damage|p2a: Mesprit|21/275
|move|p2a: Mesprit|Thunder Wave|p1a: Dachsbun
|-status|p1a: Dachsbun|par
|
|-weather|Snowscape|[upkeep]
|-heal|p2a: Mesprit|38/275|[from] item: Leftovers
|-heal|p1a: Dachsbun|197/254 par|[from] item: Leftovers
|upkeep
|turn|38
|
|t:|1776972962
|move|p2a: Mesprit|U-turn|p1a: Dachsbun
|-resisted|p1a: Dachsbun
|-damage|p1a: Dachsbun|177/254 par
|
|t:|1776972964
|switch|p2a: Blissey|Blissey, L85, F|157/572|[from] U-turn
|cant|p1a: Dachsbun|par
|
|-weather|Snowscape|[upkeep]
|-heal|p2a: Blissey|192/572|[from] item: Leftovers
|-heal|p1a: Dachsbun|192/254 par|[from] item: Leftovers
|upkeep
|turn|39
|
|t:|1776972969
|move|p2a: Blissey|Soft-Boiled|p2a: Blissey
|-heal|p2a: Blissey|478/572
|move|p1a: Dachsbun|Body Press|p2a: Blissey
|-supereffective|p2a: Blissey
|-damage|p2a: Blissey|8/572
|
|-weather|Snowscape|[upkeep]
|-heal|p2a: Blissey|43/572|[from] item: Leftovers
|-heal|p1a: Dachsbun|207/254 par|[from] item: Leftovers
|upkeep
|turn|40
|
|t:|1776972989
|move|p2a: Blissey|Seismic Toss|p1a: Dachsbun
|-damage|p1a: Dachsbun|122/254 par
|cant|p1a: Dachsbun|par
|
|-weather|none
|-heal|p2a: Blissey|78/572|[from] item: Leftovers
|-heal|p1a: Dachsbun|137/254 par|[from] item: Leftovers
|upkeep
|turn|41
|
|t:|1776972993
|move|p2a: Blissey|Seismic Toss|p1a: Dachsbun
|-damage|p1a: Dachsbun|52/254 par
|move|p1a: Dachsbun|Wish|p1a: Dachsbun
|
|-heal|p2a: Blissey|113/572|[from] item: Leftovers
|-heal|p1a: Dachsbun|67/254 par|[from] item: Leftovers
|upkeep
|turn|42
|
|t:|1776972998
|move|p1a: Dachsbun|Protect|p1a: Dachsbun
|-singleturn|p1a: Dachsbun|Protect
|move|p2a: Blissey|Seismic Toss|p1a: Dachsbun
|-activate|p1a: Dachsbun|move: Protect
|
|-heal|p1a: Dachsbun|194/254 par|[from] move: Wish|[wisher] Dachsbun
|-heal|p2a: Blissey|148/572|[from] item: Leftovers
|-heal|p1a: Dachsbun|209/254 par|[from] item: Leftovers
|upkeep
|turn|43
|
|t:|1776973003
|move|p2a: Blissey|Seismic Toss|p1a: Dachsbun
|-damage|p1a: Dachsbun|124/254 par
|cant|p1a: Dachsbun|par
|
|-heal|p2a: Blissey|183/572|[from] item: Leftovers
|-heal|p1a: Dachsbun|139/254 par|[from] item: Leftovers
|upkeep
|turn|44
|
|t:|1776973006
|move|p2a: Blissey|Seismic Toss|p1a: Dachsbun
|-damage|p1a: Dachsbun|54/254 par
|move|p1a: Dachsbun|Wish|p1a: Dachsbun
|
|-heal|p2a: Blissey|218/572|[from] item: Leftovers
|-heal|p1a: Dachsbun|69/254 par|[from] item: Leftovers
|upkeep
|turn|45
|
|t:|1776973010
|cant|p1a: Dachsbun|par
|move|p2a: Blissey|Soft-Boiled|p2a: Blissey
|-heal|p2a: Blissey|504/572
|
|-heal|p1a: Dachsbun|196/254 par|[from] move: Wish|[wisher] Dachsbun
|-heal|p2a: Blissey|539/572|[from] item: Leftovers
|-heal|p1a: Dachsbun|211/254 par|[from] item: Leftovers
|upkeep
|turn|46
|
|t:|1776973014
|move|p2a: Blissey|Seismic Toss|p1a: Dachsbun
|-damage|p1a: Dachsbun|126/254 par
|cant|p1a: Dachsbun|par
|
|-heal|p2a: Blissey|572/572|[from] item: Leftovers
|-heal|p1a: Dachsbun|141/254 par|[from] item: Leftovers
|upkeep
|turn|47
|
|t:|1776973019
|-terastallize|p2a: Blissey|Poison
|move|p2a: Blissey|Seismic Toss|p1a: Dachsbun
|-damage|p1a: Dachsbun|56/254 par
|move|p1a: Dachsbun|Body Press|p2a: Blissey
|-resisted|p2a: Blissey
|-crit|p2a: Blissey
|-damage|p2a: Blissey|409/572
|
|-heal|p2a: Blissey|444/572|[from] item: Leftovers
|-heal|p1a: Dachsbun|71/254 par|[from] item: Leftovers
|upkeep
|turn|48
|
|t:|1776973048
|cant|p1a: Dachsbun|par
|move|p2a: Blissey|Seismic Toss|p1a: Dachsbun
|-damage|p1a: Dachsbun|0 fnt
|faint|p1a: Dachsbun
|
|-heal|p2a: Blissey|479/572|[from] item: Leftovers
|upkeep
|
|t:|1776973051
|switch|p1a: Slowking|Slowking-Galar, L85, F|172/300 par
|turn|49
|
|t:|1776973057
|move|p2a: Blissey|Seismic Toss|p1a: Slowking
|-damage|p1a: Slowking|87/300 par
|move|p1a: Slowking|Psychic Noise|p2a: Blissey
|-supereffective|p2a: Blissey
|-damage|p2a: Blissey|353/572
|-start|p2a: Blissey|move: Heal Block
|
|upkeep
|turn|50
|
|t:|1776973060
|move|p2a: Blissey|Seismic Toss|p1a: Slowking
|-damage|p1a: Slowking|2/300 par
|move|p1a: Slowking|Slack Off|p1a: Slowking
|-heal|p1a: Slowking|152/300 par
|
|-end|p2a: Blissey|move: Heal Block
|upkeep
|turn|51
|
|t:|1776973066
|move|p2a: Blissey|Seismic Toss|p1a: Slowking
|-damage|p1a: Slowking|67/300 par
|move|p1a: Slowking|Slack Off|p1a: Slowking
|-heal|p1a: Slowking|217/300 par
|
|-heal|p2a: Blissey|388/572|[from] item: Leftovers
|upkeep
|turn|52
|
|t:|1776973083
|move|p2a: Blissey|Seismic Toss|p1a: Slowking
|-damage|p1a: Slowking|132/300 par
|cant|p1a: Slowking|par
|
|-heal|p2a: Blissey|423/572|[from] item: Leftovers
|upkeep
|turn|53
|
|t:|1776973088
|move|p2a: Blissey|Seismic Toss|p1a: Slowking
|-damage|p1a: Slowking|47/300 par
|move|p1a: Slowking|Slack Off|p1a: Slowking
|-heal|p1a: Slowking|197/300 par
|
|-heal|p2a: Blissey|458/572|[from] item: Leftovers
|upkeep
|turn|54
|
|t:|1776973098
|move|p2a: Blissey|Seismic Toss|p1a: Slowking
|-damage|p1a: Slowking|112/300 par
|move|p1a: Slowking|Psychic Noise|p2a: Blissey
|-supereffective|p2a: Blissey
|-damage|p2a: Blissey|318/572
|-start|p2a: Blissey|move: Heal Block
|
|upkeep
|turn|55
|
|t:|1776973105
|move|p2a: Blissey|Seismic Toss|p1a: Slowking
|-damage|p1a: Slowking|27/300 par
|move|p1a: Slowking|Slack Off|p1a: Slowking
|-heal|p1a: Slowking|177/300 par
|
|-end|p2a: Blissey|move: Heal Block
|upkeep
|turn|56
|
|t:|1776973114
|move|p2a: Blissey|Seismic Toss|p1a: Slowking
|-damage|p1a: Slowking|92/300 par
|move|p1a: Slowking|Slack Off|p1a: Slowking
|-heal|p1a: Slowking|242/300 par
|
|-heal|p2a: Blissey|353/572|[from] item: Leftovers
|upkeep
|turn|57
|
|t:|1776973118
|move|p2a: Blissey|Seismic Toss|p1a: Slowking
|-damage|p1a: Slowking|157/300 par
|cant|p1a: Slowking|par
|
|-heal|p2a: Blissey|388/572|[from] item: Leftovers
|upkeep
|turn|58
|
|t:|1776973125
|move|p2a: Blissey|Seismic Toss|p1a: Slowking
|-damage|p1a: Slowking|72/300 par
|move|p1a: Slowking|Slack Off|p1a: Slowking
|-heal|p1a: Slowking|222/300 par
|
|-heal|p2a: Blissey|423/572|[from] item: Leftovers
|upkeep
|turn|59
|
|t:|1776973127
|move|p2a: Blissey|Seismic Toss|p1a: Slowking
|-damage|p1a: Slowking|137/300 par
|cant|p1a: Slowking|par
|
|-heal|p2a: Blissey|458/572|[from] item: Leftovers
|upkeep
|turn|60
|-message|vbeechu forfeited.
|
|win|rayma984
|raw|vbeechu's rating: 1902 &rarr; <strong>1880</strong><br />(-22 for losing)
|raw|rayma984's rating: 1863 &rarr; <strong>1885</strong><br />(+22 for winning)
|l|☆vbeechu
|player|p1|
