|j|☆Smithawk
|j|☆Teache123
|t:|1776982699
|gametype|singles
|player|p1|Smithawk|hilbert-wonderlauncher|1108
|player|p2|Teache123|265|1088
|gen|9
|tier|[Gen 9] Random Battle
|rated|
|rule|Species Clause: Limit one of each Pokémon
|rule|HP Percentage Mod: HP is shown in percentages
|rule|Sleep Clause Mod: Limit one foe put to sleep
|rule|Illusion Level Mod: Illusion disguises the Pokémon's true level
|
|t:|1776982699
|teamsize|p1|6
|teamsize|p2|6
|start
|switch|p1a: Toedscruel|Toedscruel, L87, F|281/281
|switch|p2a: Vivillon|Vivillon-Polar, L83, M|268/268
|turn|1
|
|t:|1776982717
|move|p2a: Vivillon|Hurricane|p1a: Toedscruel
|-supereffective|p1a: Toedscruel
|-damage|p1a: Toedscruel|129/281
|move|p1a: Toedscruel|Spore|p2a: Vivillon
|-status|p2a: Vivillon|slp|[from] move: Spore
|
|-heal|p1a: Toedscruel|146/281|[from] item: Leftovers
|upkeep
|turn|2
|inactive|Battle timer is ON: inactive players will automatically lose when time's up. (requested by Teache123)
|
|t:|1776982729
|move|p1a: Toedscruel|Rapid Spin|p2a: Vivillon
|-damage|p2a: Vivillon|227/268 slp
|-boost|p1a: Toedscruel|spe|1
|cant|p2a: Vivillon|slp
|
|-heal|p1a: Toedscruel|163/281|[from] item: Leftovers
|upkeep
|turn|3
|
|t:|1776982737
|move|p1a: Toedscruel|Rapid Spin|p2a: Vivillon
|-damage|p2a: Vivillon|183/268 slp
|-boost|p1a: Toedscruel|spe|1
|cant|p2a: Vivillon|slp
|
|-heal|p1a: Toedscruel|180/281|[from] item: Leftovers
|upkeep
|turn|4
|
|t:|1776982764
|switch|p1a: Articuno|Articuno, L86|295/295
|-ability|p1a: Articuno|Pressure
|cant|p2a: Vivillon|slp
|
|upkeep
|turn|5
|
|t:|1776982780
|switch|p2a: Diancie|Diancie, L82|216/216
|move|p1a: Articuno|Freeze-Dry|p2a: Diancie
|-damage|p2a: Diancie|168/216
|
|-heal|p2a: Diancie|181/216|[from] item: Leftovers
|upkeep
|turn|6
|inactive|Teache123 has 120 seconds left.
|
|t:|1776982820
|switch|p1a: Toedscruel|Toedscruel, L87, F|180/281
|move|p2a: Diancie|Diamond Storm|p1a: Toedscruel
|-resisted|p1a: Toedscruel
|-damage|p1a: Toedscruel|117/281
|-boost|p2a: Diancie|def|2
|
|-heal|p1a: Toedscruel|134/281|[from] item: Leftovers
|-heal|p2a: Diancie|194/216|[from] item: Leftovers
|upkeep
|turn|7
|
|t:|1776982838
|switch|p2a: Vivillon|Vivillon-Polar, L83, M|183/268 slp
|move|p1a: Toedscruel|Spore|p2a: Vivillon
|-fail|p2a: Vivillon|slp
|
|-heal|p1a: Toedscruel|151/281|[from] item: Leftovers
|upkeep
|turn|8
|
|t:|1776982854
|switch|p1a: Seviper|Seviper, L93, F|287/287
|-curestatus|p2a: Vivillon|slp|[msg]
|move|p2a: Vivillon|Hurricane|p1a: Seviper
|-damage|p1a: Seviper|169/287
|
|-heal|p1a: Seviper|186/287|[from] item: Leftovers
|upkeep
|turn|9
|
|t:|1776982869
|move|p2a: Vivillon|Sleep Powder|p1a: Seviper
|-status|p1a: Seviper|slp|[from] move: Sleep Powder
|cant|p1a: Seviper|slp
|
|-heal|p1a: Seviper|203/287 slp|[from] item: Leftovers
|upkeep
|turn|10
|
|t:|1776982879
|switch|p1a: Articuno|Articuno, L86|295/295
|-ability|p1a: Articuno|Pressure
|move|p2a: Vivillon|Tera Blast|p1a: Articuno
|-damage|p1a: Articuno|252/295
|
|upkeep
|turn|11
|
|t:|1776982893
|switch|p2a: Diancie|Diancie, L82|194/216
|move|p1a: Articuno|Freeze-Dry|p2a: Diancie
|-damage|p2a: Diancie|142/216
|
|-heal|p2a: Diancie|155/216|[from] item: Leftovers
|upkeep
|turn|12
|inactive|Teache123 has 120 seconds left.
|
|t:|1776982911
|switch|p1a: Snorlax|Snorlax, L82, M|397/397
|move|p2a: Diancie|Diamond Storm|p1a: Snorlax
|-damage|p1a: Snorlax|265/397
|
|-heal|p2a: Diancie|168/216|[from] item: Leftovers
|-heal|p1a: Snorlax|289/397|[from] item: Leftovers
|upkeep
|turn|13
|inactive|Smithawk has 120 seconds left.
|
|t:|1776982942
|move|p2a: Diancie|Body Press|p1a: Snorlax
|-supereffective|p1a: Snorlax
|-damage|p1a: Snorlax|79/397
|move|p1a: Snorlax|Rest|p1a: Snorlax
|-status|p1a: Snorlax|slp|[from] move: Rest
|-heal|p1a: Snorlax|397/397 slp|[silent]
|
|-heal|p2a: Diancie|181/216|[from] item: Leftovers
|upkeep
|turn|14
|inactive|Teache123 has 120 seconds left.
|
|t:|1776982952
|move|p2a: Diancie|Body Press|p1a: Snorlax
|-supereffective|p1a: Snorlax
|-damage|p1a: Snorlax|199/397 slp
|cant|p1a: Snorlax|slp
|move|p1a: Snorlax|Sleep Talk|p1a: Snorlax
|move|p1a: Snorlax|Rest||[from] move: Sleep Talk|[still]
|-fail|p1a: Snorlax
|
|-heal|p2a: Diancie|194/216|[from] item: Leftovers
|-heal|p1a: Snorlax|223/397 slp|[from] item: Leftovers
|upkeep
|turn|15
|
|t:|1776982976
|switch|p1a: Lilligant|Lilligant, L86, F|261/261
|move|p2a: Diancie|Body Press|p1a: Lilligant
|-damage|p1a: Lilligant|171/261
|
|-heal|p2a: Diancie|207/216|[from] item: Leftovers
|upkeep
|turn|16
|inactive|Teache123 has 120 seconds left.
|
|t:|1776982994
|switch|p2a: Vivillon|Vivillon-Polar, L83, M|183/268
|move|p1a: Lilligant|Quiver Dance|p1a: Lilligant
|-boost|p1a: Lilligant|spa|1
|-boost|p1a: Lilligant|spd|1
|-boost|p1a: Lilligant|spe|1
|
|upkeep
|turn|17
|inactive|Teache123 has 120 seconds left.
|
|t:|1776983007
|-terastallize|p1a: Lilligant|Fire
|move|p1a: Lilligant|Tera Blast|p2a: Vivillon|[anim] Tera Blast Fire
|-supereffective|p2a: Vivillon
|-damage|p2a: Vivillon|0 fnt
|faint|p2a: Vivillon
|-damage|p1a: Lilligant|145/261|[from] item: Life Orb
|
|upkeep
|inactive|Teache123 has 120 seconds left.
|
|t:|1776983015
|switch|p2a: Diancie|Diancie, L82|207/216
|turn|18
|
|t:|1776983022
|move|p1a: Lilligant|Giga Drain|p2a: Diancie
|-supereffective|p2a: Diancie
|-damage|p2a: Diancie|0 fnt
|-heal|p1a: Lilligant|249/261|[from] drain|[of] p2a: Diancie
|faint|p2a: Diancie
|-damage|p1a: Lilligant|223/261|[from] item: Life Orb
|
|upkeep
|
|t:|1776983032
|switch|p2a: Mew|Mew, L82|298/298
|turn|19
|
|t:|1776983039
|-terastallize|p2a: Mew|Ground
|move|p1a: Lilligant|Sleep Powder|p2a: Mew|[miss]
|-miss|p1a: Lilligant|p2a: Mew
|move|p2a: Mew|Earth Power|p1a: Lilligant
|-supereffective|p1a: Lilligant
|-damage|p1a: Lilligant|33/261
|-damage|p2a: Mew|269/298|[from] item: Life Orb
|
|upkeep
|turn|20
|inactive|Smithawk has 120 seconds left.
|
|t:|1776983051
|move|p1a: Lilligant|Giga Drain|p2a: Mew
|-supereffective|p2a: Mew
|-damage|p2a: Mew|0 fnt
|-heal|p1a: Lilligant|168/261|[from] drain|[of] p2a: Mew
|faint|p2a: Mew
|-damage|p1a: Lilligant|142/261|[from] item: Life Orb
|
|upkeep
|
|t:|1776983059
|switch|p2a: Baxcalibur|Baxcalibur, L75, F|295/295
|turn|21
|
|t:|1776983065
|move|p1a: Lilligant|Sleep Powder|p2a: Baxcalibur
|-status|p2a: Baxcalibur|slp|[from] move: Sleep Powder
|cant|p2a: Baxcalibur|slp
|
|upkeep
|turn|22
|
|t:|1776983071
|move|p1a: Lilligant|Quiver Dance|p1a: Lilligant
|-boost|p1a: Lilligant|spa|1
|-boost|p1a: Lilligant|spd|1
|-boost|p1a: Lilligant|spe|1
|cant|p2a: Baxcalibur|slp
|
|upkeep
|turn|23
|
|t:|1776983080
|move|p1a: Lilligant|Tera Blast|p2a: Baxcalibur|[anim] Tera Blast Fire
|-damage|p2a: Baxcalibur|0 fnt
|faint|p2a: Baxcalibur
|-damage|p1a: Lilligant|116/261|[from] item: Life Orb
|
|upkeep
|
|t:|1776983086
|switch|p2a: Arceus|Arceus-Grass, L73|296/296
|turn|24
|
|t:|1776983096
|move|p1a: Lilligant|Tera Blast|p2a: Arceus|[anim] Tera Blast Fire
|-supereffective|p2a: Arceus
|-damage|p2a: Arceus|0 fnt
|faint|p2a: Arceus
|-damage|p1a: Lilligant|90/261|[from] item: Life Orb
|
|upkeep
|
|t:|1776983101
|switch|p2a: Illumise|Illumise, L91, F|266/266
|turn|25
|
|t:|1776983108
|move|p1a: Lilligant|Tera Blast|p2a: Illumise|[anim] Tera Blast Fire
|-supereffective|p2a: Illumise
|-damage|p2a: Illumise|0 fnt
|faint|p2a: Illumise
|-damage|p1a: Lilligant|64/261|[from] item: Life Orb
|
|win|Smithawk
|raw|Smithawk's rating: 1108 &rarr; <strong>1132</strong><br />(+24 for winning)
|raw|Teache123's rating: 1088 &rarr; <strong>1066</strong><br />(-22 for losing)
