|j|☆k1ng juju
|j|☆rayquazafeet
|t:|1772745921
|gametype|singles
|player|p1|k1ng juju|volkner|
|player|p2|rayquazafeet|dawn-gen4pt|
|gen|9
|tier|[Gen 9] Random Battle
|rule|Species Clause: Limit one of each Pokémon
|rule|HP Percentage Mod: HP is shown in percentages
|rule|Sleep Clause Mod: Limit one foe put to sleep
|rule|Illusion Level Mod: Illusion disguises the Pokémon's true level
|
|t:|1772745921
|teamsize|p1|6
|teamsize|p2|6
|start
|switch|p1a: Ting-Lu|Ting-Lu, L78|370/370
|switch|p2a: Raichu|Raichu, L88, F|249/249
|-ability|p1a: Ting-Lu|Vessel of Ruin
|turn|1
|c|☆rayquazafeet|.....
|c|☆rayquazafeet|imagine i just...
|
|t:|1772746008
|-terastallize|p2a: Raichu|Water
|move|p2a: Raichu|Nasty Plot|p2a: Raichu
|-boost|p2a: Raichu|spa|2
|move|p1a: Ting-Lu|Stealth Rock|p2a: Raichu
|-sidestart|p2: rayquazafeet|move: Stealth Rock
|
|upkeep
|turn|2
|
|t:|1772746016
|move|p2a: Raichu|Nasty Plot|p2a: Raichu
|-boost|p2a: Raichu|spa|2
|move|p1a: Ting-Lu|Whirlwind|p2a: Raichu
|drag|p2a: Palafin|Palafin, L77, M|281/281
|-damage|p2a: Palafin|246/281|[from] Stealth Rock
|
|upkeep
|turn|3
|c|☆k1ng juju|LMAO
|c|☆rayquazafeet|NOOO
|c|☆rayquazafeet|IMMA FUCKING KILL U
|
|t:|1772746033
|move|p2a: Palafin|Wave Crash|p1a: Ting-Lu
|-supereffective|p1a: Ting-Lu
|-damage|p1a: Ting-Lu|176/370
|-damage|p2a: Palafin|182/281|[from] Recoil
|move|p1a: Ting-Lu|Throat Chop|p2a: Palafin
|-damage|p2a: Palafin|71/281
|-start|p2a: Palafin|Throat Chop|[silent]
|
|-heal|p1a: Ting-Lu|199/370|[from] item: Leftovers
|upkeep
|turn|4
|
|t:|1772746054
|switch|p1a: Quagsire|Quagsire, L84, F|297/297
|move|p2a: Palafin|Wave Crash|p1a: Quagsire
|-damage|p1a: Quagsire|173/297
|-damage|p2a: Palafin|30/281|[from] Recoil
|
|-heal|p1a: Quagsire|191/297|[from] item: Leftovers
|-end|p2a: Palafin|Throat Chop|[silent]
|upkeep
|turn|5
|
|t:|1772746074
|move|p2a: Palafin|Wave Crash|p1a: Quagsire
|-damage|p1a: Quagsire|58/297
|-damage|p2a: Palafin|0 fnt|[from] Recoil
|faint|p2a: Palafin
|move|p1a: Quagsire|Recover|p1a: Quagsire
|-heal|p1a: Quagsire|207/297
|
|-heal|p1a: Quagsire|225/297|[from] item: Leftovers
|upkeep
|c|☆k1ng juju|Lol
|c|☆rayquazafeet|kinda scared now
|
|t:|1772746103
|switch|p2a: Vileplume|Vileplume, L85, M|266/266
|-damage|p2a: Vileplume|233/266|[from] Stealth Rock
|turn|6
|c|☆k1ng juju|Good
|
|t:|1772746133
|move|p2a: Vileplume|Sleep Powder|p1a: Quagsire
|-status|p1a: Quagsire|slp|[from] move: Sleep Powder
|cant|p1a: Quagsire|slp
|
|-heal|p2a: Vileplume|249/266|[from] item: Leftovers
|-heal|p1a: Quagsire|243/297 slp|[from] item: Leftovers
|upkeep
|turn|7
|
|t:|1772746147
|move|p2a: Vileplume|Strength Sap|p1a: Quagsire
|-unboost|p1a: Quagsire|atk|1
|-heal|p2a: Vileplume|266/266
|cant|p1a: Quagsire|slp
|
|-heal|p1a: Quagsire|261/297 slp|[from] item: Leftovers
|upkeep
|turn|8
|
|t:|1772746156
|move|p2a: Vileplume|Giga Drain|p1a: Quagsire
|-supereffective|p1a: Quagsire
|-damage|p1a: Quagsire|0 fnt
|faint|p1a: Quagsire
|
|upkeep
|
|t:|1772746165
|switch|p1a: Kyurem|Kyurem-White, L73|303/303
|-ability|p1a: Kyurem|Turboblaze
|turn|9
|c|☆rayquazafeet|bro?...
|c|☆k1ng juju|Ts unfair
|c|☆rayquazafeet|im so cooked
|c|☆k1ng juju|Lmao
|c|☆rayquazafeet|i rather just fight sam atp this so scary wtf
|
|t:|1772746195
|move|p1a: Kyurem|Ice Beam|p2a: Vileplume
|-supereffective|p2a: Vileplume
|-damage|p2a: Vileplume|24/266
|move|p2a: Vileplume|Sleep Powder|p1a: Kyurem|[miss]
|-miss|p2a: Vileplume|p1a: Kyurem
|
|-heal|p2a: Vileplume|40/266|[from] item: Leftovers
|upkeep
|turn|10
|c|☆rayquazafeet|WDYM IT DOESNT WORK
|
|t:|1772746212
|move|p1a: Kyurem|Ice Beam|p2a: Vileplume
|-supereffective|p2a: Vileplume
|-damage|p2a: Vileplume|0 fnt
|faint|p2a: Vileplume
|
|upkeep
|c|☆k1ng juju|HA
|
|t:|1772746227
|switch|p2a: Illumise|Illumise, L91, F|266/266
|turn|11
|c|☆rayquazafeet|go on lil buddy
|c|☆rayquazafeet|u got this
|
|t:|1772746239
|move|p2a: Illumise|Thunder Wave|p1a: Kyurem
|-status|p1a: Kyurem|par
|move|p1a: Kyurem|Ice Beam|p2a: Illumise
|-damage|p2a: Illumise|157/266
|
|upkeep
|turn|12
|
|t:|1772746249
|move|p2a: Illumise|Roost|p2a: Illumise
|-heal|p2a: Illumise|266/266
|-singleturn|p2a: Illumise|move: Roost
|move|p1a: Kyurem|Ice Beam|p2a: Illumise
|-damage|p2a: Illumise|152/266
|
|upkeep
|turn|13
|
|t:|1772746274
|move|p2a: Illumise|Roost|p2a: Illumise
|-heal|p2a: Illumise|266/266
|-singleturn|p2a: Illumise|move: Roost
|move|p1a: Kyurem|Ice Beam|p2a: Illumise
|-damage|p2a: Illumise|146/266
|
|upkeep
|turn|14
|
|t:|1772746282
|move|p2a: Illumise|Bug Buzz|p1a: Kyurem
|-damage|p1a: Kyurem|212/303 par
|-unboost|p1a: Kyurem|spd|1
|move|p1a: Kyurem|Ice Beam|p2a: Illumise
|-damage|p2a: Illumise|32/266
|
|upkeep
|turn|15
|
|t:|1772746291
|move|p2a: Illumise|Roost|p2a: Illumise
|-heal|p2a: Illumise|165/266
|-singleturn|p2a: Illumise|move: Roost
|cant|p1a: Kyurem|par
|
|upkeep
|turn|16
|
|t:|1772746297
|move|p2a: Illumise|Bug Buzz|p1a: Kyurem
|-damage|p1a: Kyurem|70/303 par
|move|p1a: Kyurem|Ice Beam|p2a: Illumise
|-damage|p2a: Illumise|62/266
|
|upkeep
|turn|17
|
|t:|1772746324
|switch|p1a: Electrode|Electrode, L92|260/260
|move|p2a: Illumise|Roost|p2a: Illumise
|-heal|p2a: Illumise|195/266
|-singleturn|p2a: Illumise|move: Roost
|
|upkeep
|turn|18
|c|☆rayquazafeet|....
|
|t:|1772746359
|move|p2a: Illumise|Roost|p2a: Illumise
|-heal|p2a: Illumise|266/266
|-singleturn|p2a: Illumise|move: Roost
|move|p1a: Electrode|Thunderbolt|p2a: Illumise
|-damage|p2a: Illumise|173/266
|
|upkeep
|turn|19
|c|☆k1ng juju|Lol
|
|t:|1772746367
|move|p1a: Electrode|Thunderbolt|p2a: Illumise
|-damage|p2a: Illumise|76/266
|move|p2a: Illumise|Bug Buzz|p1a: Electrode
|-immune|p1a: Electrode|[from] ability: Soundproof
|
|upkeep
|turn|20
|
|t:|1772746380
|switch|p2a: Raichu|Raichu, L88, F, tera:Water|249/249
|-damage|p2a: Raichu|218/249|[from] Stealth Rock
|move|p1a: Electrode|Thunderbolt|p2a: Raichu
|-ability|p2a: Raichu|Lightning Rod|boost
|-boost|p2a: Raichu|spa|1
|
|upkeep
|turn|21
|
|t:|1772746416
|switch|p1a: Ting-Lu|Ting-Lu, L78|199/370
|-ability|p1a: Ting-Lu|Vessel of Ruin
|move|p2a: Raichu|Nasty Plot|p2a: Raichu
|-boost|p2a: Raichu|spa|2
|
|-heal|p1a: Ting-Lu|222/370|[from] item: Leftovers
|upkeep
|turn|22
|
|t:|1772746428
|move|p2a: Raichu|Surf|p1a: Ting-Lu
|-supereffective|p1a: Ting-Lu
|-damage|p1a: Ting-Lu|0 fnt
|faint|p1a: Ting-Lu
|
|upkeep
|
|t:|1772746439
|switch|p1a: Kyurem|Kyurem-White, L73|70/303 par
|-ability|p1a: Kyurem|Turboblaze
|turn|23
|
|t:|1772746454
|move|p2a: Raichu|Surf|p1a: Kyurem
|-resisted|p1a: Kyurem
|-damage|p1a: Kyurem|0 fnt
|faint|p1a: Kyurem
|
|upkeep
|
|t:|1772746464
|switch|p1a: Zekrom|Zekrom, L71|259/259
|-ability|p1a: Zekrom|Teravolt
|turn|24
|
|t:|1772746478
|move|p2a: Raichu|Focus Blast|p1a: Zekrom
|-damage|p1a: Zekrom|25/259
|move|p1a: Zekrom|Dragon Dance|p1a: Zekrom
|-boost|p1a: Zekrom|atk|1
|-boost|p1a: Zekrom|spe|1
|
|-heal|p1a: Zekrom|41/259|[from] item: Leftovers
|upkeep
|turn|25
|
|t:|1772746493
|move|p1a: Zekrom|Outrage|p2a: Raichu
|-damage|p2a: Raichu|0 fnt
|faint|p2a: Raichu
|
|-heal|p1a: Zekrom|57/259|[from] item: Leftovers
|upkeep
|
|t:|1772746510
|switch|p2a: Empoleon|Empoleon, L84, M|278/278
|-damage|p2a: Empoleon|261/278|[from] Stealth Rock
|turn|26
|c|☆rayquazafeet|IM SO COOKED
|c|☆rayquazafeet|OMG
|
|t:|1772746541
|move|p1a: Zekrom|Outrage|p2a: Empoleon|[from] lockedmove
|-resisted|p2a: Empoleon
|-damage|p2a: Empoleon|171/278
|-start|p1a: Zekrom|confusion|[fatigue]
|move|p2a: Empoleon|Surf|p1a: Zekrom
|-resisted|p1a: Zekrom
|-damage|p1a: Zekrom|0 fnt
|faint|p1a: Zekrom
|
|-heal|p2a: Empoleon|188/278|[from] item: Leftovers
|upkeep
|c|☆rayquazafeet|oh...
|
|t:|1772746554
|switch|p1a: Electrode|Electrode, L92|260/260
|turn|27
|
|t:|1772746569
|-terastallize|p1a: Electrode|Electric
|move|p1a: Electrode|Thunderbolt|p2a: Empoleon
|-supereffective|p2a: Empoleon
|-damage|p2a: Empoleon|0 fnt
|faint|p2a: Empoleon
|
|upkeep
|
|t:|1772746584
|switch|p2a: Jirachi|Jirachi, L80|291/291
|-damage|p2a: Jirachi|273/291|[from] Stealth Rock
|turn|28
|
|t:|1772746599
|move|p1a: Electrode|Thunderbolt|p2a: Jirachi
|-damage|p2a: Jirachi|139/291
|move|p2a: Jirachi|Psychic|p1a: Electrode
|-damage|p1a: Electrode|169/260
|
|upkeep
|turn|29
|
|t:|1772746612
|move|p1a: Electrode|Thunderbolt|p2a: Jirachi
|-damage|p2a: Jirachi|3/291
|move|p2a: Jirachi|Psychic|p1a: Electrode
|-damage|p1a: Electrode|85/260
|
|upkeep
|turn|30
|
|t:|1772746623
|move|p1a: Electrode|Volt Switch|p2a: Jirachi
|-damage|p2a: Jirachi|0 fnt
|faint|p2a: Jirachi
|
|t:|1772746627
|switch|p1a: Oinkologne|Oinkologne, L92, M|352/352|[from] Volt Switch
|
|upkeep
|
|t:|1772746631
|switch|p2a: Illumise|Illumise, L91, F|76/266
|turn|31
|c|☆rayquazafeet|bruh
|c|☆rayquazafeet|im cooked
|
|t:|1772746652
|move|p2a: Illumise|Roost|p2a: Illumise
|-heal|p2a: Illumise|209/266
|-singleturn|p2a: Illumise|move: Roost
|move|p1a: Oinkologne|High Horsepower|p2a: Illumise
|-resisted|p2a: Illumise
|-damage|p2a: Illumise|168/266
|
|upkeep
|turn|32
|
|t:|1772746660
|move|p2a: Illumise|Thunder Wave|p1a: Oinkologne
|-status|p1a: Oinkologne|par
|move|p1a: Oinkologne|Body Slam|p2a: Illumise
|-damage|p2a: Illumise|59/266
|
|upkeep
|turn|33
|
|t:|1772746670
|move|p2a: Illumise|Roost|p2a: Illumise
|-heal|p2a: Illumise|192/266
|-singleturn|p2a: Illumise|move: Roost
|move|p1a: Oinkologne|Body Slam|p2a: Illumise
|-damage|p2a: Illumise|75/266
|
|upkeep
|turn|34
|
|t:|1772746677
|move|p2a: Illumise|Bug Buzz|p1a: Oinkologne
|-damage|p1a: Oinkologne|268/352 par
|move|p1a: Oinkologne|Body Slam|p2a: Illumise
|-damage|p2a: Illumise|0 fnt
|faint|p2a: Illumise
|
|win|k1ng juju
|c|☆rayquazafeet|gg
|c|☆rayquazafeet|</3
|c|☆k1ng juju|gg
|c|☆rayquazafeet|those legendaires tho
|c|☆rayquazafeet|U HAD LIKE 3
|c|☆k1ng juju|2
|c|☆k1ng juju|But both were op
|c|☆k1ng juju|So pretty much 3
|c|☆rayquazafeet|yk that weird ass moose is also a legendary
|c|☆k1ng juju|Oh wtf
|c|☆k1ng juju|Lame ass legendary
|c|☆rayquazafeet|ikr lol
|c|☆rayquazafeet|my stupid lil bug was fr carrying
|c|☆k1ng juju|Kyruem was def a nail in the coffin
|c|☆k1ng juju|Shit was annoying
|c|☆rayquazafeet|i hated kyurem
|c|☆k1ng juju|But luckily u couldn't heal for longer
|c|☆rayquazafeet|I NEED MORE HEALS
|c|☆rayquazafeet|HEALING WISH + PROTECT WOULDVE BEEN GOATED
|c|☆k1ng juju|I was waiting for ur fuck ass bug to run out
|c|☆rayquazafeet|bruh zekrom was also annoying if only u never swapped out my raichu
|c|☆k1ng juju|I had to terrastalize that electrode to ensure ur Empoleon would get 1 shotted
|c|☆k1ng juju|Ik, my Zekrom was also putting in some work
|c|☆rayquazafeet|yea forgot u didnt do that yet which i knew for sure i was cooked
|c|☆k1ng juju|The boost was needed
|c|☆k1ng juju|And when I saw ur bug was left I had to use volt switch just in case that pig died and left it with low health
|c|☆rayquazafeet|did tera water incase just for u to never use any ground type moves
|c|☆k1ng juju|It did scare me a bit when I saw my shit get 1 shot, was gonna use whirlind again to switch it out
|c|☆rayquazafeet|pretty sure he lowers enemies attack with its ability anyways
