|j|☆molfus
|j|☆Phasmophobia
|t:|1772751084
|gametype|singles
|player|p1|molfus|schoolkid-gen4|1740
|player|p2|Phasmophobia|lucas|1801
|gen|9
|tier|[Gen 9] Random Battle
|rated|
|rule|Species Clause: Limit one of each Pokémon
|rule|HP Percentage Mod: HP is shown in percentages
|rule|Sleep Clause Mod: Limit one foe put to sleep
|rule|Illusion Level Mod: Illusion disguises the Pokémon's true level
|
|t:|1772751084
|teamsize|p1|6
|teamsize|p2|6
|start
|switch|p1a: Copperajah|Copperajah, L86, F|350/350
|switch|p2a: Brambleghast|Brambleghast, L88, F|240/240
|turn|1
|inactive|Battle timer is ON: inactive players will automatically lose when time's up. (requested by molfus)
|
|t:|1772751112
|move|p2a: Brambleghast|Substitute|p2a: Brambleghast
|-start|p2a: Brambleghast|Substitute
|-damage|p2a: Brambleghast|180/240
|move|p1a: Copperajah|Iron Head|p2a: Brambleghast
|-end|p2a: Brambleghast|Substitute
|
|-heal|p2a: Brambleghast|195/240|[from] item: Leftovers
|upkeep
|turn|2
|
|t:|1772751127
|switch|p2a: Suicune|Suicune, L82|298/298
|-ability|p2a: Suicune|Pressure
|move|p1a: Copperajah|Iron Head|p2a: Suicune
|-resisted|p2a: Suicune
|-damage|p2a: Suicune|225/298
|
|-heal|p2a: Suicune|243/298|[from] item: Leftovers
|upkeep
|turn|3
|
|t:|1772751148
|switch|p1a: Phione|Phione, L91|293/293
|move|p2a: Suicune|Substitute|p2a: Suicune
|-start|p2a: Suicune|Substitute
|-damage|p2a: Suicune|169/298
|
|-heal|p2a: Suicune|187/298|[from] item: Leftovers
|upkeep
|turn|4
|
|t:|1772751170
|switch|p2a: Lilligant|Lilligant-Hisui, L79, F|240/240
|move|p1a: Phione|Take Heart|p1a: Phione
|-boost|p1a: Phione|spa|1
|-boost|p1a: Phione|spd|1
|
|upkeep
|turn|5
|
|t:|1772751192
|switch|p1a: Reshiram|Reshiram, L76|277/277
|-ability|p1a: Reshiram|Turboblaze
|move|p2a: Lilligant|Leaf Blade|p1a: Reshiram|[miss]
|-miss|p2a: Lilligant|p1a: Reshiram
|
|upkeep
|turn|6
|
|t:|1772751204
|switch|p2a: Suicune|Suicune, L82|187/298
|-ability|p2a: Suicune|Pressure
|move|p1a: Reshiram|Blue Flare|p2a: Suicune
|-resisted|p2a: Suicune
|-damage|p2a: Suicune|124/298
|-status|p2a: Suicune|brn
|
|-heal|p2a: Suicune|142/298 brn|[from] item: Leftovers
|-damage|p2a: Suicune|124/298 brn|[from] brn
|upkeep
|turn|7
|
|t:|1772751221
|switch|p1a: Phione|Phione, L91|293/293
|move|p2a: Suicune|Scald|p1a: Phione
|-resisted|p1a: Phione
|-damage|p1a: Phione|257/293
|
|-heal|p1a: Phione|275/293|[from] item: Leftovers
|-heal|p2a: Suicune|142/298 brn|[from] item: Leftovers
|-damage|p2a: Suicune|124/298 brn|[from] brn
|upkeep
|turn|8
|
|t:|1772751230
|switch|p2a: Electrode|Electrode, L92|260/260
|move|p1a: Phione|Scald|p2a: Electrode
|-damage|p2a: Electrode|181/260
|
|-heal|p1a: Phione|293/293|[from] item: Leftovers
|upkeep
|turn|9
|
|t:|1772751233
|switch|p1a: Palossand|Palossand, L89, F|296/296
|move|p2a: Electrode|Volt Switch|p1a: Palossand
|-immune|p1a: Palossand
|
|upkeep
|turn|10
|
|t:|1772751241
|switch|p2a: Minior|Minior-Green, L79|224/224
|-formechange|p2a: Minior|Minior-Meteor||[from] ability: Shields Down
|move|p1a: Palossand|Stealth Rock|p2a: Minior
|-sidestart|p2: Phasmophobia|move: Stealth Rock
|
|upkeep
|turn|11
|
|t:|1772751246
|move|p2a: Minior|Shell Smash|p2a: Minior
|-unboost|p2a: Minior|def|1
|-unboost|p2a: Minior|spd|1
|-boost|p2a: Minior|atk|2
|-boost|p2a: Minior|spa|2
|-boost|p2a: Minior|spe|2
|-enditem|p2a: Minior|White Herb
|-clearnegativeboost|p2a: Minior|[silent]
|move|p1a: Palossand|Shadow Ball|p2a: Minior
|-crit|p2a: Minior
|-damage|p2a: Minior|94/224
|
|-formechange|p2a: Minior|Minior-Green||[from] ability: Shields Down
|upkeep
|turn|12
|
|t:|1772751257
|move|p2a: Minior|Acrobatics|p1a: Palossand
|-damage|p1a: Palossand|131/296
|move|p1a: Palossand|Shadow Ball|p2a: Minior
|-damage|p2a: Minior|0 fnt
|faint|p2a: Minior
|
|-heal|p1a: Palossand|149/296|[from] item: Leftovers
|upkeep
|
|t:|1772751264
|switch|p2a: Lilligant|Lilligant-Hisui, L79, F|240/240
|-damage|p2a: Lilligant|225/240|[from] Stealth Rock
|turn|13
|
|t:|1772751271
|move|p2a: Lilligant|Victory Dance|p2a: Lilligant
|-boost|p2a: Lilligant|atk|1
|-boost|p2a: Lilligant|def|1
|-boost|p2a: Lilligant|spe|1
|move|p1a: Palossand|Shore Up|p1a: Palossand
|-heal|p1a: Palossand|296/296
|
|upkeep
|turn|14
|
|t:|1772751277
|move|p2a: Lilligant|Victory Dance|p2a: Lilligant
|-boost|p2a: Lilligant|atk|1
|-boost|p2a: Lilligant|def|1
|-boost|p2a: Lilligant|spe|1
|move|p1a: Palossand|Shadow Ball|p2a: Lilligant
|-crit|p2a: Lilligant
|-damage|p2a: Lilligant|36/240
|
|upkeep
|turn|15
|
|t:|1772751296
|move|p2a: Lilligant|Close Combat|p1a: Palossand
|-immune|p1a: Palossand
|move|p1a: Palossand|Shadow Ball|p2a: Lilligant
|-damage|p2a: Lilligant|0 fnt
|faint|p2a: Lilligant
|
|upkeep
|
|t:|1772751299
|switch|p2a: Brambleghast|Brambleghast, L88, F|195/240
|-damage|p2a: Brambleghast|165/240|[from] Stealth Rock
|turn|16
|c|☆molfus|ok
|
|t:|1772751305
|move|p2a: Brambleghast|Power Whip|p1a: Palossand
|-supereffective|p1a: Palossand
|-damage|p1a: Palossand|24/296
|move|p1a: Palossand|Shadow Ball|p2a: Brambleghast
|-supereffective|p2a: Brambleghast
|-damage|p2a: Brambleghast|0 fnt
|faint|p2a: Brambleghast
|
|-heal|p1a: Palossand|42/296|[from] item: Leftovers
|upkeep
|
|t:|1772751310
|switch|p2a: Suicune|Suicune, L82|124/298 brn
|-damage|p2a: Suicune|87/298 brn|[from] Stealth Rock
|-ability|p2a: Suicune|Pressure
|turn|17
|
|t:|1772751314
|switch|p1a: Phione|Phione, L91|293/293
|move|p2a: Suicune|Scald|p1a: Phione
|-resisted|p1a: Phione
|-damage|p1a: Phione|259/293
|-status|p1a: Phione|brn
|
|-heal|p1a: Phione|277/293 brn|[from] item: Leftovers
|-heal|p2a: Suicune|105/298 brn|[from] item: Leftovers
|-damage|p1a: Phione|259/293 brn|[from] brn
|-damage|p2a: Suicune|87/298 brn|[from] brn
|upkeep
|turn|18
|
|t:|1772751322
|switch|p2a: Electrode|Electrode, L92|181/260
|-damage|p2a: Electrode|149/260|[from] Stealth Rock
|move|p1a: Phione|Take Heart|p1a: Phione
|-boost|p1a: Phione|spa|1
|-boost|p1a: Phione|spd|1
|-curestatus|p1a: Phione|brn|[msg]
|
|-heal|p1a: Phione|277/293|[from] item: Leftovers
|upkeep
|turn|19
|
|t:|1772751326
|switch|p2a: Oricorio|Oricorio, L84, F|263/263
|switch|p1a: Palossand|Palossand, L89, F|42/296
|
|-heal|p1a: Palossand|60/296|[from] item: Leftovers
|upkeep
|turn|20
|
|t:|1772751333
|switch|p1a: Copperajah|Copperajah, L86, F|350/350
|move|p2a: Oricorio|Quiver Dance|p2a: Oricorio
|-boost|p2a: Oricorio|spa|1
|-boost|p2a: Oricorio|spd|1
|-boost|p2a: Oricorio|spe|1
|
|upkeep
|turn|21
|
|t:|1772751341
|-terastallize|p1a: Copperajah|Fairy
|move|p2a: Oricorio|Revelation Dance|p1a: Copperajah
|-damage|p1a: Copperajah|179/350
|move|p1a: Copperajah|Rock Slide|p2a: Oricorio
|-supereffective|p2a: Oricorio
|-damage|p2a: Oricorio|0 fnt
|faint|p2a: Oricorio
|
|upkeep
|
|t:|1772751346
|switch|p2a: Electrode|Electrode, L92|149/260
|-damage|p2a: Electrode|117/260|[from] Stealth Rock
|turn|22
|
|t:|1772751350
|switch|p1a: Palossand|Palossand, L89, F|60/296
|move|p2a: Electrode|Thunderbolt|p1a: Palossand
|-immune|p1a: Palossand
|
|-heal|p1a: Palossand|78/296|[from] item: Leftovers
|upkeep
|turn|23
|
|t:|1772751354
|-terastallize|p2a: Electrode|Ice
|move|p2a: Electrode|Tera Blast|p1a: Palossand|[anim] Tera Blast Ice
|-supereffective|p1a: Palossand
|-damage|p1a: Palossand|0 fnt
|faint|p1a: Palossand
|-damage|p2a: Electrode|91/260|[from] item: Life Orb
|
|upkeep
|
|t:|1772751358
|switch|p1a: Barraskewda|Barraskewda, L81, M|231/231
|turn|24
|
|t:|1772751364
|move|p2a: Electrode|Volt Switch|p1a: Barraskewda
|-supereffective|p1a: Barraskewda
|-damage|p1a: Barraskewda|0 fnt
|faint|p1a: Barraskewda
|-damage|p2a: Electrode|65/260|[from] item: Life Orb
|
|t:|1772751366
|switch|p2a: Suicune|Suicune, L82|87/298 brn|[from] Volt Switch
|-damage|p2a: Suicune|50/298 brn|[from] Stealth Rock
|-ability|p2a: Suicune|Pressure
|
|-heal|p2a: Suicune|68/298 brn|[from] item: Leftovers
|-damage|p2a: Suicune|50/298 brn|[from] brn
|upkeep
|
|t:|1772751369
|switch|p1a: Phione|Phione, L91|277/293
|turn|25
|
|t:|1772751376
|switch|p2a: Electrode|Electrode, L92, tera:Ice|65/260
|-damage|p2a: Electrode|0 fnt|[from] Stealth Rock
|faint|p2a: Electrode
|move|p1a: Phione|Grass Knot|p2: Electrode|[notarget]
|-fail|p1a: Phione
|
|-heal|p1a: Phione|293/293|[from] item: Leftovers
|upkeep
|
|t:|1772751378
|switch|p2a: Suicune|Suicune, L82|50/298 brn
|-damage|p2a: Suicune|13/298 brn|[from] Stealth Rock
|-ability|p2a: Suicune|Pressure
|turn|26
|
|t:|1772751381
|move|p1a: Phione|Grass Knot|p2a: Suicune
|-supereffective|p2a: Suicune
|-damage|p2a: Suicune|0 fnt
|faint|p2a: Suicune
|
|win|molfus
|raw|molfus's rating: 1740 &rarr; <strong>1763</strong><br />(+23 for winning)
|raw|Phasmophobia's rating: 1801 &rarr; <strong>1778</strong><br />(-23 for losing)
