|j|☆GooperJ
|j|☆somethingabtu
|t:|1776976974
|gametype|singles
|player|p1|GooperJ|266|1129
|player|p2|somethingabtu|iris-gen5bw2|1114
|gen|9
|tier|[Gen 9] Random Battle
|rated|
|rule|Species Clause: Limit one of each Pokémon
|rule|HP Percentage Mod: HP is shown in percentages
|rule|Sleep Clause Mod: Limit one foe put to sleep
|rule|Illusion Level Mod: Illusion disguises the Pokémon's true level
|
|t:|1776976974
|teamsize|p1|6
|teamsize|p2|6
|start
|switch|p1a: Whimsicott|Whimsicott, L84, M|238/238
|switch|p2a: Torkoal|Torkoal, L88, F|266/266
|-weather|SunnyDay|[from] ability: Drought|[of] p2a: Torkoal
|turn|1
|
|t:|1776976988
|move|p1a: Whimsicott|U-turn|p2a: Torkoal
|-resisted|p2a: Torkoal
|-damage|p2a: Torkoal|252/266
|inactive|Battle timer is ON: inactive players will automatically lose when time's up. (requested by somethingabtu)
|
|t:|1776977007
|switch|p1a: Iron Moth|Iron Moth, L78|253/253|[from] U-turn
|move|p2a: Torkoal|Solar Beam||[still]
|-prepare|p2a: Torkoal|Solar Beam
|-anim|p2a: Torkoal|Solar Beam|p1a: Iron Moth
|-resisted|p1a: Iron Moth
|-damage|p1a: Iron Moth|234/253
|
|-weather|SunnyDay|[upkeep]
|upkeep
|turn|2
|
|t:|1776977028
|move|p1a: Iron Moth|Toxic Spikes|p2a: Torkoal
|-sidestart|p2: somethingabtu|move: Toxic Spikes
|move|p2a: Torkoal|Yawn|p1a: Iron Moth
|-start|p1a: Iron Moth|move: Yawn|[of] p2a: Torkoal
|
|-weather|SunnyDay|[upkeep]
|upkeep
|turn|3
|inactive|GooperJ has 120 seconds left.
|
|t:|1776977048
|move|p1a: Iron Moth|Sludge Wave|p2a: Torkoal
|-damage|p2a: Torkoal|129/266
|move|p2a: Torkoal|Rapid Spin|p1a: Iron Moth
|-damage|p1a: Iron Moth|186/253
|-boost|p2a: Torkoal|spe|1
|-sideend|p2: somethingabtu|Toxic Spikes|[from] move: Rapid Spin|[of] p2a: Torkoal
|
|-weather|SunnyDay|[upkeep]
|-end|p1a: Iron Moth|move: Yawn|[silent]
|-status|p1a: Iron Moth|slp
|upkeep
|turn|4
|
|t:|1776977059
|cant|p1a: Iron Moth|slp
|move|p2a: Torkoal|Lava Plume|p1a: Iron Moth
|-resisted|p1a: Iron Moth
|-damage|p1a: Iron Moth|132/253 slp
|
|-weather|SunnyDay|[upkeep]
|upkeep
|turn|5
|
|t:|1776977067
|cant|p1a: Iron Moth|slp
|move|p2a: Torkoal|Lava Plume|p1a: Iron Moth
|-resisted|p1a: Iron Moth
|-damage|p1a: Iron Moth|72/253 slp
|
|-weather|none
|upkeep
|turn|6
|
|t:|1776977073
|cant|p1a: Iron Moth|slp
|move|p2a: Torkoal|Lava Plume|p1a: Iron Moth
|-resisted|p1a: Iron Moth
|-damage|p1a: Iron Moth|36/253 slp
|
|upkeep
|turn|7
|
|t:|1776977078
|-curestatus|p1a: Iron Moth|slp|[msg]
|move|p1a: Iron Moth|Sludge Wave|p2a: Torkoal
|-damage|p2a: Torkoal|0 fnt
|faint|p2a: Torkoal
|
|upkeep
|
|t:|1776977086
|switch|p2a: Groudon|Groudon, L72|263/263
|-weather|SunnyDay|[from] ability: Drought|[of] p2a: Groudon
|turn|8
|
|t:|1776977105
|-end|p1a: Iron Moth|Quark Drive|[silent]
|switch|p1a: Cresselia|Cresselia, L80, F|323/323
|move|p2a: Groudon|Stone Edge|p1a: Cresselia
|-crit|p1a: Cresselia
|-damage|p1a: Cresselia|220/323
|
|-weather|SunnyDay|[upkeep]
|-heal|p1a: Cresselia|240/323|[from] item: Leftovers
|upkeep
|turn|9
|
|t:|1776977120
|move|p1a: Cresselia|Calm Mind|p1a: Cresselia
|-boost|p1a: Cresselia|spa|1
|-boost|p1a: Cresselia|spd|1
|move|p2a: Groudon|Thunder Wave|p1a: Cresselia
|-status|p1a: Cresselia|par
|
|-weather|SunnyDay|[upkeep]
|-heal|p1a: Cresselia|260/323 par|[from] item: Leftovers
|upkeep
|turn|10
|inactive|GooperJ has 120 seconds left.
|
|t:|1776977151
|move|p2a: Groudon|Stone Edge|p1a: Cresselia
|-damage|p1a: Cresselia|196/323 par
|cant|p1a: Cresselia|par
|
|-weather|SunnyDay|[upkeep]
|-heal|p1a: Cresselia|216/323 par|[from] item: Leftovers
|upkeep
|turn|11
|inactive|GooperJ has 120 seconds left.
|
|t:|1776977159
|move|p2a: Groudon|Stone Edge|p1a: Cresselia|[miss]
|-miss|p2a: Groudon|p1a: Cresselia
|move|p1a: Cresselia|Calm Mind|p1a: Cresselia
|-boost|p1a: Cresselia|spa|1
|-boost|p1a: Cresselia|spd|1
|
|-weather|SunnyDay|[upkeep]
|-heal|p1a: Cresselia|236/323 par|[from] item: Leftovers
|upkeep
|turn|12
|inactive|GooperJ has 120 seconds left.
|
|t:|1776977170
|move|p2a: Groudon|Stone Edge|p1a: Cresselia
|-damage|p1a: Cresselia|171/323 par
|move|p1a: Cresselia|Calm Mind|p1a: Cresselia
|-boost|p1a: Cresselia|spa|1
|-boost|p1a: Cresselia|spd|1
|
|-weather|none
|-heal|p1a: Cresselia|191/323 par|[from] item: Leftovers
|upkeep
|turn|13
|
|t:|1776977184
|move|p2a: Groudon|Heat Crash|p1a: Cresselia
|-damage|p1a: Cresselia|110/323 par
|cant|p1a: Cresselia|par
|
|-heal|p1a: Cresselia|130/323 par|[from] item: Leftovers
|upkeep
|turn|14
|
|t:|1776977191
|move|p2a: Groudon|Heat Crash|p1a: Cresselia
|-damage|p1a: Cresselia|48/323 par
|move|p1a: Cresselia|Moonlight|p1a: Cresselia
|-heal|p1a: Cresselia|209/323 par
|
|-heal|p1a: Cresselia|229/323 par|[from] item: Leftovers
|upkeep
|turn|15
|
|t:|1776977198
|move|p2a: Groudon|Heat Crash|p1a: Cresselia
|-damage|p1a: Cresselia|148/323 par
|move|p1a: Cresselia|Moonlight|p1a: Cresselia
|-heal|p1a: Cresselia|309/323 par
|
|-heal|p1a: Cresselia|323/323 par|[from] item: Leftovers
|upkeep
|turn|16
|
|t:|1776977207
|switch|p2a: Samurott|Samurott-Hisui, L77, F|265/265
|cant|p1a: Cresselia|par
|
|upkeep
|turn|17
|
|t:|1776977218
|-terastallize|p1a: Cresselia|Electric
|move|p2a: Samurott|Ceaseless Edge|p1a: Cresselia
|-damage|p1a: Cresselia|191/323 par
|-sidestart|p1: GooperJ|Spikes
|move|p1a: Cresselia|Thunderbolt|p2a: Samurott
|-supereffective|p2a: Samurott
|-damage|p2a: Samurott|0 fnt
|faint|p2a: Samurott
|
|-heal|p1a: Cresselia|211/323 par|[from] item: Leftovers
|upkeep
|
|t:|1776977244
|switch|p2a: Skarmory|Skarmory, L80, F|235/235
|turn|18
|
|t:|1776977250
|move|p2a: Skarmory|Stealth Rock|p1a: Cresselia
|-sidestart|p1: GooperJ|move: Stealth Rock
|move|p1a: Cresselia|Thunderbolt|p2a: Skarmory
|-supereffective|p2a: Skarmory
|-ability|p2a: Skarmory|Sturdy
|-damage|p2a: Skarmory|1/235
|
|-heal|p1a: Cresselia|231/323 par|[from] item: Leftovers
|upkeep
|turn|19
|inactive|somethingabtu has 120 seconds left.
|
|t:|1776977270
|move|p2a: Skarmory|Brave Bird|p1a: Cresselia
|-resisted|p1a: Cresselia
|-damage|p1a: Cresselia|187/323 par
|-damage|p2a: Skarmory|0 fnt|[from] Recoil
|faint|p2a: Skarmory
|move|p1a: Cresselia|Psyshock|p2: Skarmory|[notarget]
|-fail|p1a: Cresselia
|
|-heal|p1a: Cresselia|207/323 par|[from] item: Leftovers
|upkeep
|inactive|somethingabtu has 120 seconds left.
|
|t:|1776977282
|switch|p2a: Ursaring|Ursaring, L84, F|288/288
|turn|20
|inactive|somethingabtu has 120 seconds left.
|
|t:|1776977290
|move|p2a: Ursaring|Body Slam|p1a: Cresselia
|-damage|p1a: Cresselia|111/323 par
|move|p1a: Cresselia|Thunderbolt|p2a: Ursaring
|-damage|p2a: Ursaring|162/288
|
|-heal|p1a: Cresselia|131/323 par|[from] item: Leftovers
|upkeep
|turn|21
|
|t:|1776977298
|move|p2a: Ursaring|Body Slam|p1a: Cresselia
|-damage|p1a: Cresselia|35/323 par
|move|p1a: Cresselia|Moonlight|p1a: Cresselia
|-heal|p1a: Cresselia|196/323 par
|
|-heal|p1a: Cresselia|216/323 par|[from] item: Leftovers
|upkeep
|turn|22
|
|t:|1776977307
|move|p2a: Ursaring|Body Slam|p1a: Cresselia
|-damage|p1a: Cresselia|116/323 par
|move|p1a: Cresselia|Moonlight|p1a: Cresselia
|-heal|p1a: Cresselia|277/323 par
|
|-heal|p1a: Cresselia|297/323 par|[from] item: Leftovers
|upkeep
|turn|23
|
|t:|1776977314
|move|p2a: Ursaring|Rest|p2a: Ursaring
|-status|p2a: Ursaring|slp|[from] move: Rest
|-heal|p2a: Ursaring|288/288 slp|[silent]
|move|p1a: Cresselia|Thunderbolt|p2a: Ursaring
|-damage|p2a: Ursaring|140/288 slp
|
|-heal|p1a: Cresselia|317/323 par|[from] item: Leftovers
|upkeep
|turn|24
|
|t:|1776977324
|cant|p2a: Ursaring|slp
|move|p2a: Ursaring|Sleep Talk|p2a: Ursaring
|move|p2a: Ursaring|Body Slam|p1a: Cresselia|[from] move: Sleep Talk
|-damage|p1a: Cresselia|154/323 par
|move|p1a: Cresselia|Thunderbolt|p2a: Ursaring
|-damage|p2a: Ursaring|5/288 slp
|
|-heal|p1a: Cresselia|174/323 par|[from] item: Leftovers
|upkeep
|turn|25
|
|t:|1776977338
|cant|p2a: Ursaring|slp
|move|p2a: Ursaring|Sleep Talk|p2a: Ursaring
|move|p2a: Ursaring|Rest||[from] move: Sleep Talk|[still]
|-fail|p2a: Ursaring
|move|p1a: Cresselia|Moonlight|p1a: Cresselia
|-heal|p1a: Cresselia|323/323 par
|
|upkeep
|turn|26
|
|t:|1776977348
|-curestatus|p2a: Ursaring|slp|[msg]
|move|p2a: Ursaring|Body Slam|p1a: Cresselia
|-damage|p1a: Cresselia|214/323 par
|cant|p1a: Cresselia|par
|
|-heal|p1a: Cresselia|234/323 par|[from] item: Leftovers
|upkeep
|turn|27
|
|t:|1776977356
|move|p2a: Ursaring|Rest|p2a: Ursaring
|-status|p2a: Ursaring|slp|[from] move: Rest
|-heal|p2a: Ursaring|288/288 slp|[silent]
|move|p1a: Cresselia|Thunderbolt|p2a: Ursaring
|-damage|p2a: Ursaring|146/288 slp
|
|-heal|p1a: Cresselia|254/323 par|[from] item: Leftovers
|upkeep
|turn|28
|
|t:|1776977364
|cant|p2a: Ursaring|slp
|move|p2a: Ursaring|Sleep Talk|p2a: Ursaring
|move|p2a: Ursaring|Body Slam|p1a: Cresselia|[from] move: Sleep Talk
|-damage|p1a: Cresselia|103/323 par
|move|p1a: Cresselia|Thunderbolt|p2a: Ursaring
|-damage|p2a: Ursaring|17/288 slp
|
|-heal|p1a: Cresselia|123/323 par|[from] item: Leftovers
|upkeep
|turn|29
|
|t:|1776977383
|cant|p2a: Ursaring|slp
|move|p2a: Ursaring|Sleep Talk|p2a: Ursaring
|move|p2a: Ursaring|Rest||[from] move: Sleep Talk|[still]
|-fail|p2a: Ursaring
|move|p1a: Cresselia|Thunderbolt|p2a: Ursaring
|-crit|p2a: Ursaring
|-damage|p2a: Ursaring|0 fnt
|faint|p2a: Ursaring
|
|-heal|p1a: Cresselia|143/323 par|[from] item: Leftovers
|upkeep
|
|t:|1776977397
|switch|p2a: Groudon|Groudon, L72|263/263
|-weather|SunnyDay|[from] ability: Drought|[of] p2a: Groudon
|turn|30
|
|t:|1776977405
|move|p2a: Groudon|Stone Edge|p1a: Cresselia
|-damage|p1a: Cresselia|82/323 par
|move|p1a: Cresselia|Moonlight|p1a: Cresselia
|-heal|p1a: Cresselia|297/323 par
|
|-weather|SunnyDay|[upkeep]
|-heal|p1a: Cresselia|317/323 par|[from] item: Leftovers
|upkeep
|turn|31
|
|t:|1776977416
|move|p2a: Groudon|Heat Crash|p1a: Cresselia
|-damage|p1a: Cresselia|194/323 par
|move|p1a: Cresselia|Psyshock|p2a: Groudon
|-damage|p2a: Groudon|134/263
|
|-weather|SunnyDay|[upkeep]
|-heal|p2a: Groudon|150/263|[from] item: Leftovers
|-heal|p1a: Cresselia|214/323 par|[from] item: Leftovers
|upkeep
|turn|32
|
|t:|1776977432
|-terastallize|p2a: Groudon|Fire
|move|p2a: Groudon|Heat Crash|p1a: Cresselia
|-damage|p1a: Cresselia|27/323 par
|move|p1a: Cresselia|Psyshock|p2a: Groudon
|-damage|p2a: Groudon|30/263
|
|-weather|SunnyDay|[upkeep]
|-heal|p2a: Groudon|46/263|[from] item: Leftovers
|-heal|p1a: Cresselia|47/323 par|[from] item: Leftovers
|upkeep
|turn|33
|
|t:|1776977442
|move|p2a: Groudon|Heat Crash|p1a: Cresselia
|-damage|p1a: Cresselia|0 fnt
|faint|p1a: Cresselia
|
|-weather|SunnyDay|[upkeep]
|-heal|p2a: Groudon|62/263|[from] item: Leftovers
|upkeep
|
|t:|1776977451
|switch|p1a: Iron Moth|Iron Moth, L78|36/253
|turn|34
|
|t:|1776977459
|move|p1a: Iron Moth|Sludge Wave|p2a: Groudon
|-damage|p2a: Groudon|0 fnt
|faint|p2a: Groudon
|
|-weather|none
|upkeep
|
|t:|1776977464
|switch|p2a: Vaporeon|Vaporeon, L86, F|364/364
|turn|35
|
|t:|1776977472
|move|p1a: Iron Moth|Energy Ball|p2a: Vaporeon
|-supereffective|p2a: Vaporeon
|-damage|p2a: Vaporeon|232/364
|move|p2a: Vaporeon|Wish|p2a: Vaporeon
|
|-heal|p2a: Vaporeon|254/364|[from] item: Leftovers
|upkeep
|turn|36
|
|t:|1776977481
|-end|p1a: Iron Moth|Quark Drive|[silent]
|switch|p1a: Whimsicott|Whimsicott, L84, M|238/238
|move|p2a: Vaporeon|Calm Mind|p2a: Vaporeon
|-boost|p2a: Vaporeon|spa|1
|-boost|p2a: Vaporeon|spd|1
|
|-heal|p2a: Vaporeon|364/364|[from] move: Wish|[wisher] Vaporeon
|upkeep
|turn|37
|
|t:|1776977489
|move|p1a: Whimsicott|Encore|p2a: Vaporeon
|-start|p2a: Vaporeon|Encore
|move|p2a: Vaporeon|Calm Mind|p2a: Vaporeon
|-boost|p2a: Vaporeon|spa|1
|-boost|p2a: Vaporeon|spd|1
|
|upkeep
|turn|38
|
|t:|1776977510
|move|p1a: Whimsicott|Giga Drain|p2a: Vaporeon
|-supereffective|p2a: Vaporeon
|-damage|p2a: Vaporeon|298/364
|move|p2a: Vaporeon|Calm Mind|p2a: Vaporeon
|-boost|p2a: Vaporeon|spa|1
|-boost|p2a: Vaporeon|spd|1
|
|-heal|p2a: Vaporeon|320/364|[from] item: Leftovers
|upkeep
|turn|39
|
|t:|1776977517
|move|p1a: Whimsicott|Giga Drain|p2a: Vaporeon
|-supereffective|p2a: Vaporeon
|-damage|p2a: Vaporeon|272/364
|move|p2a: Vaporeon|Calm Mind|p2a: Vaporeon
|-boost|p2a: Vaporeon|spa|1
|-boost|p2a: Vaporeon|spd|1
|
|-heal|p2a: Vaporeon|294/364|[from] item: Leftovers
|-end|p2a: Vaporeon|Encore
|upkeep
|turn|40
|
|t:|1776977526
|move|p1a: Whimsicott|Encore|p2a: Vaporeon
|-start|p2a: Vaporeon|Encore
|move|p2a: Vaporeon|Calm Mind|p2a: Vaporeon
|-boost|p2a: Vaporeon|spa|1
|-boost|p2a: Vaporeon|spd|1
|
|-heal|p2a: Vaporeon|316/364|[from] item: Leftovers
|upkeep
|turn|41
|
|t:|1776977532
|move|p1a: Whimsicott|Giga Drain|p2a: Vaporeon
|-supereffective|p2a: Vaporeon
|-damage|p2a: Vaporeon|278/364
|move|p2a: Vaporeon|Calm Mind|p2a: Vaporeon
|-boost|p2a: Vaporeon|spa|1
|-boost|p2a: Vaporeon|spd|1
|
|-heal|p2a: Vaporeon|300/364|[from] item: Leftovers
|upkeep
|turn|42
|
|t:|1776977540
|move|p1a: Whimsicott|Giga Drain|p2a: Vaporeon
|-supereffective|p2a: Vaporeon
|-damage|p2a: Vaporeon|268/364
|move|p2a: Vaporeon|Calm Mind|p2a: Vaporeon
|-boost|p2a: Vaporeon|spa|0
|-boost|p2a: Vaporeon|spd|0
|
|-heal|p2a: Vaporeon|290/364|[from] item: Leftovers
|-end|p2a: Vaporeon|Encore
|upkeep
|turn|43
|
|t:|1776977549
|move|p1a: Whimsicott|Encore|p2a: Vaporeon
|-start|p2a: Vaporeon|Encore
|move|p2a: Vaporeon|Calm Mind|p2a: Vaporeon
|-boost|p2a: Vaporeon|spa|0
|-boost|p2a: Vaporeon|spd|0
|
|-heal|p2a: Vaporeon|312/364|[from] item: Leftovers
|upkeep
|turn|44
|
|t:|1776977556
|move|p1a: Whimsicott|Giga Drain|p2a: Vaporeon
|-supereffective|p2a: Vaporeon
|-damage|p2a: Vaporeon|280/364
|move|p2a: Vaporeon|Calm Mind|p2a: Vaporeon
|-boost|p2a: Vaporeon|spa|0
|-boost|p2a: Vaporeon|spd|0
|
|-heal|p2a: Vaporeon|302/364|[from] item: Leftovers
|upkeep
|turn|45
|
|t:|1776977564
|move|p1a: Whimsicott|Giga Drain|p2a: Vaporeon
|-supereffective|p2a: Vaporeon
|-damage|p2a: Vaporeon|266/364
|move|p2a: Vaporeon|Calm Mind|p2a: Vaporeon
|-boost|p2a: Vaporeon|spa|0
|-boost|p2a: Vaporeon|spd|0
|
|-heal|p2a: Vaporeon|288/364|[from] item: Leftovers
|-end|p2a: Vaporeon|Encore
|upkeep
|turn|46
|
|t:|1776977573
|move|p1a: Whimsicott|Encore|p2a: Vaporeon
|-start|p2a: Vaporeon|Encore
|move|p2a: Vaporeon|Calm Mind|p2a: Vaporeon
|-boost|p2a: Vaporeon|spa|0
|-boost|p2a: Vaporeon|spd|0
|
|-heal|p2a: Vaporeon|310/364|[from] item: Leftovers
|upkeep
|turn|47
|
|t:|1776977580
|move|p1a: Whimsicott|Giga Drain|p2a: Vaporeon
|-supereffective|p2a: Vaporeon
|-damage|p2a: Vaporeon|278/364
|move|p2a: Vaporeon|Calm Mind|p2a: Vaporeon
|-boost|p2a: Vaporeon|spa|0
|-boost|p2a: Vaporeon|spd|0
|
|-heal|p2a: Vaporeon|300/364|[from] item: Leftovers
|upkeep
|turn|48
|
|t:|1776977587
|move|p1a: Whimsicott|Giga Drain|p2a: Vaporeon
|-supereffective|p2a: Vaporeon
|-damage|p2a: Vaporeon|270/364
|move|p2a: Vaporeon|Calm Mind|p2a: Vaporeon
|-boost|p2a: Vaporeon|spa|0
|-boost|p2a: Vaporeon|spd|0
|
|-heal|p2a: Vaporeon|292/364|[from] item: Leftovers
|-end|p2a: Vaporeon|Encore
|upkeep
|turn|49
|
|t:|1776977597
|move|p1a: Whimsicott|Encore|p2a: Vaporeon
|-start|p2a: Vaporeon|Encore
|move|p2a: Vaporeon|Calm Mind|p2a: Vaporeon
|-boost|p2a: Vaporeon|spa|0
|-boost|p2a: Vaporeon|spd|0
|
|-heal|p2a: Vaporeon|314/364|[from] item: Leftovers
|upkeep
|turn|50
|
|t:|1776977604
|move|p1a: Whimsicott|Giga Drain|p2a: Vaporeon
|-supereffective|p2a: Vaporeon
|-damage|p2a: Vaporeon|282/364
|move|p2a: Vaporeon|Calm Mind|p2a: Vaporeon
|-boost|p2a: Vaporeon|spa|0
|-boost|p2a: Vaporeon|spd|0
|
|-heal|p2a: Vaporeon|304/364|[from] item: Leftovers
|upkeep
|turn|51
|
|t:|1776977611
|move|p1a: Whimsicott|Giga Drain|p2a: Vaporeon
|-supereffective|p2a: Vaporeon
|-damage|p2a: Vaporeon|272/364
|move|p2a: Vaporeon|Calm Mind|p2a: Vaporeon
|-boost|p2a: Vaporeon|spa|0
|-boost|p2a: Vaporeon|spd|0
|
|-heal|p2a: Vaporeon|294/364|[from] item: Leftovers
|-end|p2a: Vaporeon|Encore
|upkeep
|turn|52
|
|t:|1776977622
|move|p1a: Whimsicott|Encore|p2a: Vaporeon
|-start|p2a: Vaporeon|Encore
|move|p2a: Vaporeon|Calm Mind|p2a: Vaporeon
|-boost|p2a: Vaporeon|spa|0
|-boost|p2a: Vaporeon|spd|0
|
|-heal|p2a: Vaporeon|316/364|[from] item: Leftovers
|upkeep
|turn|53
|
|t:|1776977628
|move|p1a: Whimsicott|Giga Drain|p2a: Vaporeon
|-supereffective|p2a: Vaporeon
|-damage|p2a: Vaporeon|286/364
|move|p2a: Vaporeon|Calm Mind|p2a: Vaporeon
|-boost|p2a: Vaporeon|spa|0
|-boost|p2a: Vaporeon|spd|0
|
|-heal|p2a: Vaporeon|308/364|[from] item: Leftovers
|upkeep
|turn|54
|c|☆somethingabtu|you don't got a physical grass move?
|
|t:|1776977643
|move|p1a: Whimsicott|Giga Drain|p2a: Vaporeon
|-supereffective|p2a: Vaporeon
|-damage|p2a: Vaporeon|278/364
|move|p2a: Vaporeon|Calm Mind|p2a: Vaporeon
|-boost|p2a: Vaporeon|spa|0
|-boost|p2a: Vaporeon|spd|0
|
|-heal|p2a: Vaporeon|300/364|[from] item: Leftovers
|-end|p2a: Vaporeon|Encore
|upkeep
|turn|55
|c|☆GooperJ|no
|c|☆somethingabtu|lol
|
|t:|1776977654
|move|p1a: Whimsicott|Encore|p2a: Vaporeon
|-start|p2a: Vaporeon|Encore
|move|p2a: Vaporeon|Calm Mind|p2a: Vaporeon
|-boost|p2a: Vaporeon|spa|0
|-boost|p2a: Vaporeon|spd|0
|
|-heal|p2a: Vaporeon|322/364|[from] item: Leftovers
|upkeep
|turn|56
|
|t:|1776977669
|switch|p1a: Smeargle|Smeargle, L95, M|258/258
|-damage|p1a: Smeargle|226/258|[from] Spikes
|-damage|p1a: Smeargle|194/258|[from] Stealth Rock
|move|p2a: Vaporeon|Calm Mind|p2a: Vaporeon
|-boost|p2a: Vaporeon|spa|0
|-boost|p2a: Vaporeon|spd|0
|
|-heal|p2a: Vaporeon|344/364|[from] item: Leftovers
|upkeep
|turn|57
|
|t:|1776977680
|move|p1a: Smeargle|Spore|p2a: Vaporeon
|-status|p2a: Vaporeon|slp|[from] move: Spore
|cant|p2a: Vaporeon|slp
|
|-heal|p2a: Vaporeon|364/364 slp|[from] item: Leftovers
|-end|p2a: Vaporeon|Encore
|upkeep
|turn|58
|
|t:|1776977692
|move|p1a: Smeargle|Shell Smash|p1a: Smeargle
|-unboost|p1a: Smeargle|def|1
|-unboost|p1a: Smeargle|spd|1
|-boost|p1a: Smeargle|atk|2
|-boost|p1a: Smeargle|spa|2
|-boost|p1a: Smeargle|spe|2
|cant|p2a: Vaporeon|slp
|
|upkeep
|turn|59
|
|t:|1776977701
|move|p1a: Smeargle|Shell Smash|p1a: Smeargle
|-unboost|p1a: Smeargle|def|1
|-unboost|p1a: Smeargle|spd|1
|-boost|p1a: Smeargle|atk|2
|-boost|p1a: Smeargle|spa|2
|-boost|p1a: Smeargle|spe|2
|-curestatus|p2a: Vaporeon|slp|[msg]
|move|p2a: Vaporeon|Scald|p1a: Smeargle
|-damage|p1a: Smeargle|0 fnt
|faint|p1a: Smeargle
|
|upkeep
|
|t:|1776977719
|switch|p1a: Houndoom|Houndoom, L87, M|272/272
|turn|60
|
|t:|1776977727
|move|p1a: Houndoom|Sludge Bomb|p2a: Vaporeon
|-damage|p2a: Vaporeon|346/364
|move|p2a: Vaporeon|Scald|p1a: Houndoom
|-supereffective|p1a: Houndoom
|-damage|p1a: Houndoom|0 fnt
|faint|p1a: Houndoom
|
|-heal|p2a: Vaporeon|364/364|[from] item: Leftovers
|upkeep
|
|t:|1776977735
|switch|p1a: Iron Moth|Iron Moth, L78|36/253
|turn|61
|
|t:|1776977740
|move|p1a: Iron Moth|Sludge Wave|p2a: Vaporeon
|-damage|p2a: Vaporeon|334/364
|move|p2a: Vaporeon|Scald|p1a: Iron Moth
|-supereffective|p1a: Iron Moth
|-damage|p1a: Iron Moth|0 fnt
|faint|p1a: Iron Moth
|-end|p1a: Iron Moth|Quark Drive|[silent]
|
|-heal|p2a: Vaporeon|356/364|[from] item: Leftovers
|upkeep
|
|t:|1776977748
|switch|p1a: Hariyama|Hariyama, L87, M|392/392
|-damage|p1a: Hariyama|343/392|[from] Spikes
|-damage|p1a: Hariyama|319/392|[from] Stealth Rock
|turn|62
|
|t:|1776977757
|move|p2a: Vaporeon|Scald|p1a: Hariyama
|-damage|p1a: Hariyama|0 fnt
|faint|p1a: Hariyama
|
|-heal|p2a: Vaporeon|364/364|[from] item: Leftovers
|upkeep
|
|t:|1776977762
|switch|p1a: Whimsicott|Whimsicott, L84, M|238/238
|turn|63
|
|t:|1776977768
|move|p1a: Whimsicott|Giga Drain|p2a: Vaporeon
|-supereffective|p2a: Vaporeon
|-damage|p2a: Vaporeon|334/364
|move|p2a: Vaporeon|Scald|p1a: Whimsicott
|-resisted|p1a: Whimsicott
|-damage|p1a: Whimsicott|30/238
|-status|p1a: Whimsicott|brn
|
|-heal|p2a: Vaporeon|356/364|[from] item: Leftovers
|-damage|p1a: Whimsicott|16/238 brn|[from] brn
|upkeep
|turn|64
|-message|GooperJ forfeited.
|
|win|somethingabtu
|raw|GooperJ's rating: 1129 &rarr; <strong>1103</strong><br />(-26 for losing)
|raw|somethingabtu's rating: 1114 &rarr; <strong>1140</strong><br />(+26 for winning)
|l|☆GooperJ
|player|p1|
|c|☆somethingabtu|gg
