|j|☆Igna_Lun
|j|☆bio150numberonefan
|t:|1776974799
|gametype|singles
|player|p1|Igna_Lun|mira|1493
|player|p2|bio150numberonefan|hugh|1519
|gen|9
|tier|[Gen 9] Random Battle
|rated|
|rule|Species Clause: Limit one of each Pokémon
|rule|HP Percentage Mod: HP is shown in percentages
|rule|Sleep Clause Mod: Limit one foe put to sleep
|rule|Illusion Level Mod: Illusion disguises the Pokémon's true level
|
|t:|1776974799
|teamsize|p1|6
|teamsize|p2|6
|start
|switch|p1a: Golurk|Golurk, L87|297/297
|switch|p2a: Shaymin|Shaymin-Sky, L73|266/266
|turn|1
|inactive|Battle timer is ON: inactive players will automatically lose when time's up. (requested by Igna_Lun)
|
|t:|1776974865
|move|p2a: Shaymin|Seed Flare|p1a: Golurk
|-supereffective|p1a: Golurk
|-damage|p1a: Golurk|37/297
|move|p1a: Golurk|Stone Edge|p2a: Shaymin
|-supereffective|p2a: Shaymin
|-damage|p2a: Shaymin|0 fnt
|faint|p2a: Shaymin
|
|upkeep
|
|t:|1776974880
|switch|p2a: Lunala|Lunala, L70|308/308
|turn|2
|
|t:|1776974893
|switch|p1a: Ursaluna|Ursaluna, L79, M|335/335
|move|p2a: Lunala|Moonblast|p1a: Ursaluna
|-damage|p1a: Ursaluna|260/335
|
|-status|p1a: Ursaluna|brn|[from] item: Flame Orb
|upkeep
|turn|3
|
|t:|1776974915
|switch|p2a: Dunsparce|Dunsparce, L86, F|312/312
|move|p1a: Ursaluna|Crunch|p2a: Dunsparce
|-damage|p2a: Dunsparce|237/312
|
|-damage|p1a: Ursaluna|240/335 brn|[from] brn
|upkeep
|turn|4
|
|t:|1776974929
|move|p2a: Dunsparce|Coil|p2a: Dunsparce
|-boost|p2a: Dunsparce|atk|1
|-boost|p2a: Dunsparce|def|1
|-boost|p2a: Dunsparce|accuracy|1
|move|p1a: Ursaluna|Swords Dance|p1a: Ursaluna
|-boost|p1a: Ursaluna|atk|2
|
|-damage|p1a: Ursaluna|220/335 brn|[from] brn
|upkeep
|turn|5
|
|t:|1776974941
|move|p2a: Dunsparce|Body Slam|p1a: Ursaluna
|-damage|p1a: Ursaluna|114/335 brn
|move|p1a: Ursaluna|Facade|p2a: Dunsparce
|-damage|p2a: Dunsparce|0 fnt
|faint|p2a: Dunsparce
|
|-damage|p1a: Ursaluna|94/335 brn|[from] brn
|upkeep
|inactive|bio150numberonefan has 120 seconds left.
|
|t:|1776974966
|switch|p2a: Gallade|Gallade, L80, M|240/240
|turn|6
|
|t:|1776974974
|move|p2a: Gallade|Sacred Sword|p1a: Ursaluna
|-supereffective|p1a: Ursaluna
|-damage|p1a: Ursaluna|0 fnt
|faint|p1a: Ursaluna
|-damage|p2a: Gallade|216/240|[from] item: Life Orb
|
|upkeep
|
|t:|1776974989
|switch|p1a: Dachsbun|Dachsbun, L92, M|254/254
|turn|7
|
|t:|1776975001
|switch|p2a: Gastrodon|Gastrodon, L86, F|331/331
|move|p1a: Dachsbun|Play Rough|p2a: Gastrodon
|-damage|p2a: Gastrodon|216/331
|
|-heal|p2a: Gastrodon|236/331|[from] item: Leftovers
|upkeep
|turn|8
|
|t:|1776975009
|move|p1a: Dachsbun|Yawn|p2a: Gastrodon
|-start|p2a: Gastrodon|move: Yawn|[of] p1a: Dachsbun
|move|p2a: Gastrodon|Sludge Bomb|p1a: Dachsbun
|-supereffective|p1a: Dachsbun
|-crit|p1a: Dachsbun
|-damage|p1a: Dachsbun|72/254
|
|-heal|p1a: Dachsbun|87/254|[from] item: Leftovers
|-heal|p2a: Gastrodon|256/331|[from] item: Leftovers
|upkeep
|turn|9
|
|t:|1776975024
|move|p1a: Dachsbun|Protect|p1a: Dachsbun
|-singleturn|p1a: Dachsbun|Protect
|move|p2a: Gastrodon|Sludge Bomb|p1a: Dachsbun
|-activate|p1a: Dachsbun|move: Protect
|
|-heal|p1a: Dachsbun|102/254|[from] item: Leftovers
|-heal|p2a: Gastrodon|276/331|[from] item: Leftovers
|-end|p2a: Gastrodon|move: Yawn|[silent]
|-status|p2a: Gastrodon|slp
|upkeep
|turn|10
|
|t:|1776975033
|move|p1a: Dachsbun|Wish|p1a: Dachsbun
|cant|p2a: Gastrodon|slp
|
|-heal|p1a: Dachsbun|117/254|[from] item: Leftovers
|-heal|p2a: Gastrodon|296/331 slp|[from] item: Leftovers
|upkeep
|turn|11
|
|t:|1776975038
|move|p1a: Dachsbun|Play Rough|p2a: Gastrodon
|-damage|p2a: Gastrodon|182/331 slp
|cant|p2a: Gastrodon|slp
|
|-heal|p1a: Dachsbun|244/254|[from] move: Wish|[wisher] Dachsbun
|-heal|p1a: Dachsbun|254/254|[from] item: Leftovers
|-heal|p2a: Gastrodon|202/331 slp|[from] item: Leftovers
|upkeep
|turn|12
|
|t:|1776975047
|move|p1a: Dachsbun|Play Rough|p2a: Gastrodon
|-damage|p2a: Gastrodon|81/331 slp
|-curestatus|p2a: Gastrodon|slp|[msg]
|move|p2a: Gastrodon|Sludge Bomb|p1a: Dachsbun
|-supereffective|p1a: Dachsbun
|-damage|p1a: Dachsbun|134/254
|-status|p1a: Dachsbun|psn
|
|-heal|p1a: Dachsbun|149/254 psn|[from] item: Leftovers
|-heal|p2a: Gastrodon|101/331|[from] item: Leftovers
|-damage|p1a: Dachsbun|118/254 psn|[from] psn
|upkeep
|turn|13
|inactive|bio150numberonefan has 120 seconds left.
|
|t:|1776975097
|move|p1a: Dachsbun|Play Rough|p2a: Gastrodon
|-damage|p2a: Gastrodon|0 fnt
|faint|p2a: Gastrodon
|
|-heal|p1a: Dachsbun|133/254 psn|[from] item: Leftovers
|-damage|p1a: Dachsbun|102/254 psn|[from] psn
|upkeep
|
|t:|1776975101
|switch|p2a: Lunala|Lunala, L70|308/308
|turn|14
|
|t:|1776975108
|move|p1a: Dachsbun|Yawn|p2a: Lunala
|-start|p2a: Lunala|move: Yawn|[of] p1a: Dachsbun
|move|p2a: Lunala|Moongeist Beam|p1a: Dachsbun
|-damage|p1a: Dachsbun|11/254 psn
|
|-heal|p1a: Dachsbun|26/254 psn|[from] item: Leftovers
|-damage|p1a: Dachsbun|0 fnt|[from] psn
|faint|p1a: Dachsbun
|upkeep
|
|t:|1776975124
|switch|p1a: Swalot|Swalot, L90, F|326/326
|turn|15
|
|t:|1776975137
|switch|p2a: Gallade|Gallade, L80, M|216/240
|move|p1a: Swalot|Protect||[still]
|-fail|p1a: Swalot
|
|upkeep
|turn|16
|
|t:|1776975144
|move|p2a: Gallade|Psycho Cut|p1a: Swalot
|-supereffective|p1a: Swalot
|-damage|p1a: Swalot|4/326
|-damage|p2a: Gallade|192/240|[from] item: Life Orb
|move|p1a: Swalot|Toxic|p2a: Gallade
|-status|p2a: Gallade|tox
|
|-heal|p1a: Swalot|24/326|[from] item: Leftovers
|-damage|p2a: Gallade|177/240 tox|[from] psn
|upkeep
|turn|17
|
|t:|1776975153
|move|p1a: Swalot|Protect|p1a: Swalot
|-singleturn|p1a: Swalot|Protect
|move|p2a: Gallade|Agility|p2a: Gallade
|-boost|p2a: Gallade|spe|2
|
|-heal|p1a: Swalot|44/326|[from] item: Leftovers
|-damage|p2a: Gallade|147/240 tox|[from] psn
|upkeep
|turn|18
|
|t:|1776975163
|move|p1a: Swalot|Protect|p1a: Swalot
|-singleturn|p1a: Swalot|Protect
|move|p2a: Gallade|Psycho Cut|p1a: Swalot
|-activate|p1a: Swalot|move: Protect
|
|-heal|p1a: Swalot|64/326|[from] item: Leftovers
|-damage|p2a: Gallade|102/240 tox|[from] psn
|upkeep
|turn|19
|
|t:|1776975172
|move|p1a: Swalot|Protect|p1a: Swalot
|-singleturn|p1a: Swalot|Protect
|move|p2a: Gallade|Psycho Cut|p1a: Swalot
|-activate|p1a: Swalot|move: Protect
|
|-heal|p1a: Swalot|84/326|[from] item: Leftovers
|-damage|p2a: Gallade|42/240 tox|[from] psn
|upkeep
|turn|20
|c|☆bio150numberonefan|wow
|
|t:|1776975180
|move|p1a: Swalot|Protect||[still]
|-fail|p1a: Swalot
|move|p2a: Gallade|Psycho Cut|p1a: Swalot
|-supereffective|p1a: Swalot
|-damage|p1a: Swalot|0 fnt
|faint|p1a: Swalot
|-damage|p2a: Gallade|18/240 tox|[from] item: Life Orb
|
|-damage|p2a: Gallade|0 fnt|[from] psn
|faint|p2a: Gallade
|upkeep
|c|☆Igna_Lun|faith
|c|☆Igna_Lun|nooo
|
|t:|1776975195
|switch|p2a: Lunala|Lunala, L70|308/308
|switch|p1a: Leafeon|Leafeon, L88, M|258/258
|turn|21
|c|☆Igna_Lun|so much luck
|
|t:|1776975213
|move|p1a: Leafeon|Knock Off|p2a: Lunala
|-supereffective|p2a: Lunala
|-damage|p2a: Lunala|66/308
|-enditem|p2a: Lunala|Leftovers|[from] move: Knock Off|[of] p1a: Leafeon
|-damage|p1a: Leafeon|233/258|[from] item: Life Orb
|move|p2a: Lunala|Calm Mind|p2a: Lunala
|-boost|p2a: Lunala|spa|1
|-boost|p2a: Lunala|spd|1
|
|upkeep
|turn|22
|
|t:|1776975222
|-terastallize|p2a: Lunala|Fairy
|move|p1a: Leafeon|Knock Off|p2a: Lunala
|-resisted|p2a: Lunala
|-damage|p2a: Lunala|26/308
|-damage|p1a: Leafeon|208/258|[from] item: Life Orb
|move|p2a: Lunala|Moonlight|p2a: Lunala
|-heal|p2a: Lunala|180/308
|
|upkeep
|turn|23
|
|t:|1776975234
|move|p1a: Leafeon|Leaf Blade|p2a: Lunala
|-damage|p2a: Lunala|0 fnt
|faint|p2a: Lunala
|-damage|p1a: Leafeon|183/258|[from] item: Life Orb
|
|upkeep
|
|t:|1776975241
|switch|p2a: Mismagius|Mismagius, L86, F|243/243
|turn|24
|
|t:|1776975253
|move|p2a: Mismagius|Shadow Ball|p1a: Leafeon
|-damage|p1a: Leafeon|62/258
|-unboost|p1a: Leafeon|spd|1
|move|p1a: Leafeon|Knock Off|p2a: Mismagius
|-supereffective|p2a: Mismagius
|-damage|p2a: Mismagius|0 fnt
|-enditem|p2a: Mismagius|Leftovers|[from] move: Knock Off|[of] p1a: Leafeon
|faint|p2a: Mismagius
|-damage|p1a: Leafeon|37/258|[from] item: Life Orb
|
|win|Igna_Lun
|raw|Igna_Lun's rating: 1493 &rarr; <strong>1514</strong><br />(+21 for winning)
|raw|bio150numberonefan's rating: 1519 &rarr; <strong>1498</strong><br />(-21 for losing)
|c|☆bio150numberonefan|gg
|c|☆Igna_Lun|gg
|l|☆bio150numberonefan
|player|p2|
