|j|☆Crusch58
|j|☆EliteFourFefnir
|t:|1776980942
|gametype|singles
|player|p1|Crusch58|102|1214
|player|p2|EliteFourFefnir|yellow|1177
|gen|9
|tier|[Gen 9] Random Battle
|rated|
|rule|Species Clause: Limit one of each Pokémon
|rule|HP Percentage Mod: HP is shown in percentages
|rule|Sleep Clause Mod: Limit one foe put to sleep
|rule|Illusion Level Mod: Illusion disguises the Pokémon's true level
|
|t:|1776980942
|teamsize|p1|6
|teamsize|p2|6
|start
|switch|p1a: Perrserker|Perrserker, L89, M|269/269
|switch|p2a: Conkeldurr|Conkeldurr, L80, M|299/299
|turn|1
|inactive|Battle timer is ON: inactive players will automatically lose when time's up. (requested by Crusch58)
|
|t:|1776980962
|move|p1a: Perrserker|Knock Off|p2a: Conkeldurr
|-resisted|p2a: Conkeldurr
|-damage|p2a: Conkeldurr|239/299
|-enditem|p2a: Conkeldurr|Flame Orb|[from] move: Knock Off|[of] p1a: Perrserker
|move|p2a: Conkeldurr|Close Combat|p1a: Perrserker
|-supereffective|p1a: Perrserker
|-damage|p1a: Perrserker|0 fnt
|-unboost|p2a: Conkeldurr|def|1
|-unboost|p2a: Conkeldurr|spd|1
|faint|p1a: Perrserker
|
|upkeep
|inactive|Crusch58 has 120 seconds left.
|
|t:|1776981015
|switch|p1a: Gholdengo|Gholdengo, L77|261/261
|turn|2
|
|t:|1776981020
|move|p1a: Gholdengo|Shadow Ball|p2a: Conkeldurr
|-damage|p2a: Conkeldurr|65/299
|move|p2a: Conkeldurr|Knock Off|p1a: Gholdengo
|-supereffective|p1a: Gholdengo
|-damage|p1a: Gholdengo|81/261
|-enditem|p1a: Gholdengo|Leftovers|[from] move: Knock Off|[of] p2a: Conkeldurr
|
|upkeep
|turn|3
|
|t:|1776981034
|move|p1a: Gholdengo|Shadow Ball|p2a: Conkeldurr
|-damage|p2a: Conkeldurr|0 fnt
|faint|p2a: Conkeldurr
|
|upkeep
|inactive|EliteFourFefnir has 120 seconds left.
|
|t:|1776981067
|switch|p2a: Scizor|Scizor, L79, M|240/240
|turn|4
|
|t:|1776981073
|move|p1a: Gholdengo|Shadow Ball|p2a: Scizor
|-damage|p2a: Scizor|132/240
|move|p2a: Scizor|Swords Dance|p2a: Scizor
|-boost|p2a: Scizor|atk|2
|
|upkeep
|turn|5
|
|t:|1776981078
|move|p2a: Scizor|Bullet Punch|p1a: Gholdengo
|-resisted|p1a: Gholdengo
|-damage|p1a: Gholdengo|0 fnt
|faint|p1a: Gholdengo
|-damage|p2a: Scizor|108/240|[from] item: Life Orb
|
|upkeep
|
|t:|1776981096
|switch|p1a: Tatsugiri|Tatsugiri, L87, F|260/260
|turn|6
|
|t:|1776981108
|move|p2a: Scizor|Bullet Punch|p1a: Tatsugiri
|-resisted|p1a: Tatsugiri
|-damage|p1a: Tatsugiri|143/260
|-damage|p2a: Scizor|84/240|[from] item: Life Orb
|move|p1a: Tatsugiri|Surf|p2a: Scizor
|-damage|p2a: Scizor|0 fnt
|faint|p2a: Scizor
|
|upkeep
|inactive|EliteFourFefnir has 120 seconds left.
|
|t:|1776981136
|switch|p2a: Mew|Mew, L82|298/298
|turn|7
|
|t:|1776981142
|move|p2a: Mew|Swords Dance|p2a: Mew
|-boost|p2a: Mew|atk|2
|move|p1a: Tatsugiri|Surf|p2a: Mew
|-damage|p2a: Mew|180/298
|
|upkeep
|turn|8
|
|t:|1776981148
|move|p2a: Mew|Psychic Fangs|p1a: Tatsugiri
|-damage|p1a: Tatsugiri|0 fnt
|faint|p1a: Tatsugiri
|-damage|p2a: Mew|151/298|[from] item: Life Orb
|
|upkeep
|
|t:|1776981151
|switch|p1a: Trevenant|Trevenant, L89, F|296/296
|turn|9
|
|t:|1776981157
|move|p2a: Mew|Knock Off|p1a: Trevenant
|-supereffective|p1a: Trevenant
|-damage|p1a: Trevenant|0 fnt
|-enditem|p1a: Trevenant|Sitrus Berry|[from] move: Knock Off|[of] p2a: Mew
|faint|p1a: Trevenant
|-damage|p2a: Mew|122/298|[from] item: Life Orb
|
|upkeep
|
|t:|1776981181
|switch|p1a: Golem|Golem, L87, F|281/281
|turn|10
|
|t:|1776981188
|move|p2a: Mew|Close Combat|p1a: Golem
|-supereffective|p1a: Golem
|-ability|p1a: Golem|Sturdy
|-damage|p1a: Golem|1/281
|-unboost|p2a: Mew|def|1
|-unboost|p2a: Mew|spd|1
|-enditem|p1a: Golem|Weakness Policy
|-boost|p1a: Golem|atk|2|[from] item: Weakness Policy
|-boost|p1a: Golem|spa|2|[from] item: Weakness Policy
|-damage|p2a: Mew|93/298|[from] item: Life Orb
|move|p1a: Golem|Rock Polish|p1a: Golem
|-boost|p1a: Golem|spe|2
|
|upkeep
|turn|11
|
|t:|1776981195
|move|p1a: Golem|Earthquake|p2a: Mew
|-damage|p2a: Mew|0 fnt
|faint|p2a: Mew
|
|upkeep
|
|t:|1776981207
|switch|p2a: Groudon|Groudon, L72|263/263
|-weather|SunnyDay|[from] ability: Drought|[of] p2a: Groudon
|turn|12
|
|t:|1776981231
|move|p1a: Golem|Explosion|p2a: Groudon
|-damage|p2a: Groudon|0 fnt
|faint|p1a: Golem
|faint|p2a: Groudon
|
|-weather|SunnyDay|[upkeep]
|upkeep
|
|t:|1776981243
|switch|p2a: Articuno|Articuno-Galar, L84|288/288
|switch|p1a: Azumarill|Azumarill, L82, F|298/298
|turn|13
|
|t:|1776981263
|-terastallize|p2a: Articuno|Steel
|move|p2a: Articuno|Calm Mind|p2a: Articuno
|-boost|p2a: Articuno|spa|1
|-boost|p2a: Articuno|spd|1
|move|p1a: Azumarill|Belly Drum|p1a: Azumarill
|-damage|p1a: Azumarill|149/298
|-setboost|p1a: Azumarill|atk|6|[from] move: Belly Drum
|-enditem|p1a: Azumarill|Sitrus Berry|[eat]
|-heal|p1a: Azumarill|223/298|[from] item: Sitrus Berry
|
|-weather|SunnyDay|[upkeep]
|upkeep
|turn|14
|
|t:|1776981278
|-terastallize|p1a: Azumarill|Water
|move|p2a: Articuno|Calm Mind|p2a: Articuno
|-boost|p2a: Articuno|spa|1
|-boost|p2a: Articuno|spd|1
|move|p1a: Azumarill|Liquidation|p2a: Articuno
|-damage|p2a: Articuno|12/288
|
|-weather|SunnyDay|[upkeep]
|upkeep
|turn|15
|
|t:|1776981281
|move|p1a: Azumarill|Aqua Jet|p2a: Articuno
|-damage|p2a: Articuno|0 fnt
|faint|p2a: Articuno
|
|-weather|SunnyDay|[upkeep]
|upkeep
|
|t:|1776981284
|switch|p2a: Braviary|Braviary, L85, M|309/309
|turn|16
|
|t:|1776981288
|move|p2a: Braviary|Brave Bird|p1a: Azumarill
|-damage|p1a: Azumarill|63/298
|-damage|p2a: Braviary|256/309|[from] Recoil
|move|p1a: Azumarill|Liquidation|p2a: Braviary
|-damage|p2a: Braviary|0 fnt
|faint|p2a: Braviary
|
|win|Crusch58
|raw|Crusch58's rating: 1214 &rarr; <strong>1236</strong><br />(+22 for winning)
|raw|EliteFourFefnir's rating: 1177 &rarr; <strong>1155</strong><br />(-22 for losing)
|l|☆EliteFourFefnir
|player|p2|
