|j|☆Swordbeam64
|j|☆razdahooman
|t:|1772749748
|gametype|singles
|player|p1|Swordbeam64|102|1430
|player|p2|razdahooman|170|1438
|gen|9
|tier|[Gen 9] Random Battle
|rated|
|rule|Species Clause: Limit one of each Pokémon
|rule|HP Percentage Mod: HP is shown in percentages
|rule|Sleep Clause Mod: Limit one foe put to sleep
|rule|Illusion Level Mod: Illusion disguises the Pokémon's true level
|
|t:|1772749748
|teamsize|p1|6
|teamsize|p2|6
|start
|switch|p1a: Lugia|Lugia, L73|275/275
|switch|p2a: Rhyperior|Rhyperior, L82, F|323/323
|turn|1
|inactive|Battle timer is ON: inactive players will automatically lose when time's up. (requested by razdahooman)
|
|t:|1772749761
|switch|p1a: Phione|Phione, L91|293/293
|move|p2a: Rhyperior|Rock Polish|p2a: Rhyperior
|-boost|p2a: Rhyperior|spe|2
|
|upkeep
|turn|2
|
|t:|1772749790
|move|p2a: Rhyperior|Stone Edge|p1a: Phione
|-crit|p1a: Phione
|-damage|p1a: Phione|103/293
|move|p1a: Phione|Scald|p2a: Rhyperior
|-supereffective|p2a: Rhyperior
|-crit|p2a: Rhyperior
|-damage|p2a: Rhyperior|0 fnt
|faint|p2a: Rhyperior
|
|-heal|p1a: Phione|121/293|[from] item: Leftovers
|upkeep
|
|t:|1772749799
|switch|p2a: Persian|Persian, L92, M|269/269
|turn|3
|
|t:|1772749809
|switch|p1a: Diancie|Diancie, L82|216/216
|move|p2a: Persian|Fake Out|p1a: Diancie
|-resisted|p1a: Diancie
|-damage|p1a: Diancie|191/216
|
|-heal|p1a: Diancie|204/216|[from] item: Leftovers
|upkeep
|turn|4
|
|t:|1772749817
|move|p2a: Persian|U-turn|p1a: Diancie
|-resisted|p1a: Diancie
|-damage|p1a: Diancie|188/216
|
|t:|1772749829
|switch|p2a: Mienshao|Mienshao, L83, F|244/244|[from] U-turn
|move|p1a: Diancie|Rock Polish|p1a: Diancie
|-boost|p1a: Diancie|spe|2
|
|-heal|p1a: Diancie|201/216|[from] item: Leftovers
|upkeep
|turn|5
|
|t:|1772749841
|move|p2a: Mienshao|Fake Out|p1a: Diancie
|-resisted|p1a: Diancie
|-damage|p1a: Diancie|189/216
|cant|p1a: Diancie|flinch
|
|-heal|p1a: Diancie|202/216|[from] item: Leftovers
|upkeep
|turn|6
|
|t:|1772749849
|move|p1a: Diancie|Moonblast|p2a: Mienshao
|-supereffective|p2a: Mienshao
|-damage|p2a: Mienshao|82/244
|-unboost|p2a: Mienshao|spa|1
|move|p2a: Mienshao|Close Combat|p1a: Diancie
|-damage|p1a: Diancie|94/216
|-unboost|p2a: Mienshao|def|1
|-unboost|p2a: Mienshao|spd|1
|
|-heal|p1a: Diancie|107/216|[from] item: Leftovers
|upkeep
|turn|7
|
|t:|1772749861
|switch|p2a: Persian|Persian, L92, M|269/269
|move|p1a: Diancie|Diamond Storm|p2a: Persian
|-damage|p2a: Persian|155/269
|
|-heal|p1a: Diancie|120/216|[from] item: Leftovers
|upkeep
|turn|8
|
|t:|1772749869
|move|p2a: Persian|Fake Out|p1a: Diancie
|-resisted|p1a: Diancie
|-damage|p1a: Diancie|97/216
|cant|p1a: Diancie|flinch
|
|-heal|p1a: Diancie|110/216|[from] item: Leftovers
|upkeep
|turn|9
|
|t:|1772749880
|move|p2a: Persian|Knock Off|p1a: Diancie
|-resisted|p1a: Diancie
|-damage|p1a: Diancie|87/216
|-enditem|p1a: Diancie|Leftovers|[from] move: Knock Off|[of] p2a: Persian
|move|p1a: Diancie|Diamond Storm|p2a: Persian
|-damage|p2a: Persian|20/269
|
|upkeep
|turn|10
|
|t:|1772749888
|move|p2a: Persian|Double-Edge|p1a: Diancie
|-resisted|p1a: Diancie
|-damage|p1a: Diancie|42/216
|-damage|p2a: Persian|5/269|[from] Recoil
|move|p1a: Diancie|Diamond Storm|p2a: Persian
|-damage|p2a: Persian|0 fnt
|-boost|p1a: Diancie|def|2
|faint|p2a: Persian
|
|upkeep
|
|t:|1772749896
|switch|p2a: Mienshao|Mienshao, L83, F|163/244
|turn|11
|
|t:|1772749902
|move|p2a: Mienshao|Fake Out|p1a: Diancie
|-resisted|p1a: Diancie
|-damage|p1a: Diancie|36/216
|cant|p1a: Diancie|flinch
|
|upkeep
|turn|12
|
|t:|1772749907
|move|p1a: Diancie|Moonblast|p2a: Mienshao
|-supereffective|p2a: Mienshao
|-damage|p2a: Mienshao|0 fnt
|faint|p2a: Mienshao
|
|upkeep
|
|t:|1772749916
|switch|p2a: Cresselia|Cresselia, L80, F|323/323
|turn|13
|
|t:|1772749942
|switch|p1a: Komala|Komala, L89, F|260/260
|-ability|p1a: Komala|Comatose
|move|p2a: Cresselia|Calm Mind|p2a: Cresselia
|-boost|p2a: Cresselia|spa|1
|-boost|p2a: Cresselia|spd|1
|
|upkeep
|turn|14
|
|t:|1772749952
|-terastallize|p2a: Cresselia|Steel
|move|p2a: Cresselia|Calm Mind|p2a: Cresselia
|-boost|p2a: Cresselia|spa|1
|-boost|p2a: Cresselia|spd|1
|move|p1a: Komala|Rapid Spin|p2a: Cresselia
|-resisted|p2a: Cresselia
|-damage|p2a: Cresselia|295/323
|-boost|p1a: Komala|spe|1
|
|-heal|p2a: Cresselia|315/323|[from] item: Leftovers
|upkeep
|turn|15
|
|t:|1772749966
|move|p1a: Komala|Knock Off|p2a: Cresselia
|-crit|p2a: Cresselia
|-damage|p2a: Cresselia|206/323
|-enditem|p2a: Cresselia|Leftovers|[from] move: Knock Off|[of] p1a: Komala
|move|p2a: Cresselia|Calm Mind|p2a: Cresselia
|-boost|p2a: Cresselia|spa|1
|-boost|p2a: Cresselia|spd|1
|
|upkeep
|turn|16
|
|t:|1772749980
|move|p1a: Komala|Body Slam|p2a: Cresselia
|-resisted|p2a: Cresselia
|-damage|p2a: Cresselia|153/323
|move|p2a: Cresselia|Psyshock|p1a: Komala
|-damage|p1a: Komala|85/260
|
|upkeep
|turn|17
|
|t:|1772749988
|move|p1a: Komala|Body Slam|p2a: Cresselia
|-resisted|p2a: Cresselia
|-damage|p2a: Cresselia|101/323
|move|p2a: Cresselia|Moonlight|p2a: Cresselia
|-heal|p2a: Cresselia|262/323
|
|upkeep
|turn|18
|
|t:|1772749996
|move|p1a: Komala|Body Slam|p2a: Cresselia
|-resisted|p2a: Cresselia
|-damage|p2a: Cresselia|214/323
|move|p2a: Cresselia|Psyshock|p1a: Komala
|-damage|p1a: Komala|0 fnt
|faint|p1a: Komala
|
|upkeep
|inactive|Swordbeam64 has 120 seconds left.
|
|t:|1772750026
|switch|p1a: Phione|Phione, L91|121/293
|turn|19
|
|t:|1772750031
|move|p1a: Phione|Take Heart|p1a: Phione
|-boost|p1a: Phione|spa|1
|-boost|p1a: Phione|spd|1
|move|p2a: Cresselia|Moonblast|p1a: Phione
|-damage|p1a: Phione|35/293
|-unboost|p1a: Phione|spa|1
|
|-heal|p1a: Phione|53/293|[from] item: Leftovers
|upkeep
|turn|20
|
|t:|1772750041
|move|p1a: Phione|Scald|p2a: Cresselia
|-damage|p2a: Cresselia|187/323
|-status|p2a: Cresselia|brn
|move|p2a: Cresselia|Psyshock|p1a: Phione
|-damage|p1a: Phione|0 fnt
|faint|p1a: Phione
|
|-damage|p2a: Cresselia|167/323 brn|[from] brn
|upkeep
|inactive|Swordbeam64 has 120 seconds left.
|
|t:|1772750065
|switch|p1a: Diancie|Diancie, L82|36/216
|turn|21
|
|t:|1772750070
|move|p2a: Cresselia|Psyshock|p1a: Diancie
|-damage|p1a: Diancie|0 fnt
|faint|p1a: Diancie
|
|-damage|p2a: Cresselia|147/323 brn|[from] brn
|upkeep
|inactive|Swordbeam64 has 120 seconds left.
|
|t:|1772750078
|switch|p1a: Lugia|Lugia, L73|275/275
|turn|22
|
|t:|1772750086
|move|p1a: Lugia|Calm Mind|p1a: Lugia
|-boost|p1a: Lugia|spa|1
|-boost|p1a: Lugia|spd|1
|move|p2a: Cresselia|Moonblast|p1a: Lugia
|-damage|p1a: Lugia|246/275
|
|-damage|p2a: Cresselia|127/323 brn|[from] brn
|upkeep
|turn|23
|
|t:|1772750097
|move|p1a: Lugia|Psychic Noise|p2a: Cresselia
|-resisted|p2a: Cresselia
|-damage|p2a: Cresselia|111/323 brn
|-start|p2a: Cresselia|move: Heal Block
|cant|p2a: Cresselia|move: Heal Block|Moonlight
|
|-damage|p2a: Cresselia|91/323 brn|[from] brn
|upkeep
|turn|24
|
|t:|1772750109
|move|p1a: Lugia|Recover|p1a: Lugia
|-heal|p1a: Lugia|275/275
|move|p2a: Cresselia|Calm Mind|p2a: Cresselia
|-boost|p2a: Cresselia|spa|1
|-boost|p2a: Cresselia|spd|1
|
|-damage|p2a: Cresselia|71/323 brn|[from] brn
|-end|p2a: Cresselia|move: Heal Block
|upkeep
|turn|25
|
|t:|1772750118
|move|p1a: Lugia|Psychic Noise|p2a: Cresselia
|-resisted|p2a: Cresselia
|-damage|p2a: Cresselia|59/323 brn
|-start|p2a: Cresselia|move: Heal Block
|cant|p2a: Cresselia|move: Heal Block|Moonlight
|
|-damage|p2a: Cresselia|39/323 brn|[from] brn
|upkeep
|turn|26
|
|t:|1772750133
|move|p1a: Lugia|Aeroblast|p2a: Cresselia
|-resisted|p2a: Cresselia
|-damage|p2a: Cresselia|24/323 brn
|move|p2a: Cresselia|Moonblast|p1a: Lugia
|-damage|p1a: Lugia|237/275
|
|-damage|p2a: Cresselia|4/323 brn|[from] brn
|-end|p2a: Cresselia|move: Heal Block
|upkeep
|turn|27
|
|t:|1772750143
|move|p1a: Lugia|Psychic Noise|p2a: Cresselia
|-resisted|p2a: Cresselia
|-damage|p2a: Cresselia|0 fnt
|faint|p2a: Cresselia
|
|upkeep
|
|t:|1772750151
|switch|p2a: Vikavolt|Vikavolt, L83, M|263/263
|turn|28
|
|t:|1772750165
|-terastallize|p1a: Lugia|Steel
|move|p1a: Lugia|Calm Mind|p1a: Lugia
|-boost|p1a: Lugia|spa|1
|-boost|p1a: Lugia|spd|1
|move|p2a: Vikavolt|Thunderbolt|p1a: Lugia
|-crit|p1a: Lugia
|-damage|p1a: Lugia|83/275
|
|upkeep
|turn|29
|
|t:|1772750174
|move|p1a: Lugia|Recover|p1a: Lugia
|-heal|p1a: Lugia|221/275
|move|p2a: Vikavolt|Thunderbolt|p1a: Lugia
|-damage|p1a: Lugia|172/275
|-status|p1a: Lugia|par
|
|upkeep
|turn|30
|
|t:|1772750182
|move|p2a: Vikavolt|Sticky Web|p1a: Lugia
|-sidestart|p1: Swordbeam64|move: Sticky Web
|move|p1a: Lugia|Recover|p1a: Lugia
|-heal|p1a: Lugia|275/275 par
|
|upkeep
|turn|31
|
|t:|1772750190
|move|p2a: Vikavolt|Thunderbolt|p1a: Lugia
|-damage|p1a: Lugia|251/275 par
|move|p1a: Lugia|Calm Mind|p1a: Lugia
|-boost|p1a: Lugia|spa|1
|-boost|p1a: Lugia|spd|1
|
|upkeep
|turn|32
|
|t:|1772750207
|move|p2a: Vikavolt|Thunderbolt|p1a: Lugia
|-damage|p1a: Lugia|212/275 par
|move|p1a: Lugia|Calm Mind|p1a: Lugia
|-boost|p1a: Lugia|spa|1
|-boost|p1a: Lugia|spd|1
|
|upkeep
|turn|33
|
|t:|1772750216
|move|p2a: Vikavolt|Thunderbolt|p1a: Lugia
|-crit|p1a: Lugia
|-damage|p1a: Lugia|77/275 par
|move|p1a: Lugia|Aeroblast|p2a: Vikavolt
|-damage|p2a: Vikavolt|0 fnt
|faint|p2a: Vikavolt
|
|upkeep
|
|t:|1772750221
|switch|p2a: Toxtricity|Toxtricity, L82, F|257/257
|turn|34
|
|t:|1772750226
|move|p2a: Toxtricity|Overdrive|p1a: Lugia
|-damage|p1a: Lugia|49/275 par
|-enditem|p2a: Toxtricity|Throat Spray
|-boost|p2a: Toxtricity|spa|1|[from] item: Throat Spray
|move|p1a: Lugia|Recover|p1a: Lugia
|-heal|p1a: Lugia|187/275 par
|
|upkeep
|turn|35
|
|t:|1772750235
|move|p2a: Toxtricity|Overdrive|p1a: Lugia
|-damage|p1a: Lugia|141/275 par
|move|p1a: Lugia|Recover|p1a: Lugia
|-heal|p1a: Lugia|275/275 par
|
|upkeep
|turn|36
|
|t:|1772750242
|move|p2a: Toxtricity|Overdrive|p1a: Lugia
|-damage|p1a: Lugia|251/275 par
|move|p1a: Lugia|Psychic Noise|p2a: Toxtricity
|-supereffective|p2a: Toxtricity
|-damage|p2a: Toxtricity|55/257
|-start|p2a: Toxtricity|move: Heal Block
|
|upkeep
|turn|37
|
|t:|1772750251
|move|p2a: Toxtricity|Overdrive|p1a: Lugia
|-damage|p1a: Lugia|205/275 par
|cant|p1a: Lugia|par
|
|-end|p2a: Toxtricity|move: Heal Block
|upkeep
|turn|38
|
|t:|1772750261
|move|p2a: Toxtricity|Overdrive|p1a: Lugia
|-crit|p1a: Lugia
|-damage|p1a: Lugia|3/275 par
|move|p1a: Lugia|Psychic Noise|p2a: Toxtricity
|-supereffective|p2a: Toxtricity
|-damage|p2a: Toxtricity|0 fnt
|faint|p2a: Toxtricity
|
|win|Swordbeam64
|raw|Swordbeam64's rating: 1430 &rarr; <strong>1450</strong><br />(+20 for winning)
|raw|razdahooman's rating: 1438 &rarr; <strong>1418</strong><br />(-20 for losing)
