|j|☆ksnwisxv
|j|☆Jdjsjjdd
|t:|1776975835
|gametype|singles
|player|p1|ksnwisxv|102|1078
|player|p2|Jdjsjjdd|266|1066
|gen|9
|tier|[Gen 9] Random Battle
|rated|
|rule|Species Clause: Limit one of each Pokémon
|rule|HP Percentage Mod: HP is shown in percentages
|rule|Sleep Clause Mod: Limit one foe put to sleep
|rule|Illusion Level Mod: Illusion disguises the Pokémon's true level
|
|t:|1776975835
|teamsize|p1|6
|teamsize|p2|6
|start
|switch|p1a: Goodra|Goodra, L85, M|292/292
|switch|p2a: Gholdengo|Gholdengo, L77|261/261
|turn|1
|inactive|Battle timer is ON: inactive players will automatically lose when time's up. (requested by Jdjsjjdd)
|
|t:|1776975846
|move|p2a: Gholdengo|Trick|p1a: Goodra
|-activate|p2a: Gholdengo|move: Trick|[of] p1a: Goodra
|-item|p1a: Goodra|Choice Scarf|[from] move: Trick
|-item|p2a: Gholdengo|Assault Vest|[from] move: Trick
|move|p1a: Goodra|Knock Off|p2a: Gholdengo
|-supereffective|p2a: Gholdengo
|-damage|p2a: Gholdengo|117/261
|-enditem|p2a: Gholdengo|Assault Vest|[from] move: Knock Off|[of] p1a: Goodra
|
|upkeep
|turn|2
|
|t:|1776975869
|switch|p2a: Tentacruel|Tentacruel, L84, M|272/272
|move|p1a: Goodra|Knock Off|p2a: Tentacruel
|-damage|p2a: Tentacruel|183/272
|-enditem|p2a: Tentacruel|Assault Vest|[from] move: Knock Off|[of] p1a: Goodra
|
|upkeep
|turn|3
|
|t:|1776975878
|switch|p1a: Dialga|Dialga, L73|266/266
|-ability|p1a: Dialga|Pressure
|move|p2a: Tentacruel|Sludge Bomb|p1a: Dialga
|-immune|p1a: Dialga
|
|upkeep
|turn|4
|
|t:|1776975888
|move|p2a: Tentacruel|Knock Off|p1a: Dialga
|-damage|p1a: Dialga|220/266
|-enditem|p1a: Dialga|Leftovers|[from] move: Knock Off|[of] p2a: Tentacruel
|move|p1a: Dialga|Thunder Wave|p2a: Tentacruel
|-status|p2a: Tentacruel|par
|
|upkeep
|turn|5
|
|t:|1776975898
|switch|p2a: Gholdengo|Gholdengo, L77|117/261
|move|p1a: Dialga|Heavy Slam|p2a: Gholdengo
|-resisted|p2a: Gholdengo
|-damage|p2a: Gholdengo|62/261
|
|upkeep
|turn|6
|
|t:|1776975907
|switch|p1a: Goodra|Goodra, L85, M|292/292
|move|p2a: Gholdengo|Trick|p1a: Goodra
|-activate|p2a: Gholdengo|move: Trick|[of] p1a: Goodra
|-enditem|p1a: Goodra|Choice Scarf|[silent]|[from] move: Trick
|-item|p2a: Gholdengo|Choice Scarf|[from] move: Trick
|
|upkeep
|turn|7
|
|t:|1776975917
|move|p2a: Gholdengo|Trick|p1a: Goodra
|-activate|p2a: Gholdengo|move: Trick|[of] p1a: Goodra
|-item|p1a: Goodra|Choice Scarf|[from] move: Trick
|-enditem|p2a: Gholdengo|Choice Scarf|[silent]|[from] move: Trick
|move|p1a: Goodra|Fire Blast|p2a: Gholdengo
|-supereffective|p2a: Gholdengo
|-damage|p2a: Gholdengo|0 fnt
|faint|p2a: Gholdengo
|
|upkeep
|
|t:|1776975932
|switch|p2a: Clefable|Clefable, L83, M|293/293
|turn|8
|
|t:|1776975937
|switch|p1a: Dialga|Dialga, L73|220/266
|-ability|p1a: Dialga|Pressure
|move|p2a: Clefable|Thunder Wave|p1a: Dialga
|-status|p1a: Dialga|par
|
|upkeep
|turn|9
|
|t:|1776975946
|switch|p2a: Tentacruel|Tentacruel, L84, M|183/272 par
|move|p1a: Dialga|Heavy Slam|p2a: Tentacruel
|-resisted|p2a: Tentacruel
|-damage|p2a: Tentacruel|106/272 par
|
|upkeep
|turn|10
|
|t:|1776975954
|move|p2a: Tentacruel|Surf|p1a: Dialga
|-resisted|p1a: Dialga
|-damage|p1a: Dialga|175/266 par
|cant|p1a: Dialga|par
|
|upkeep
|turn|11
|
|t:|1776975969
|move|p2a: Tentacruel|Surf|p1a: Dialga
|-resisted|p1a: Dialga
|-damage|p1a: Dialga|130/266 par
|move|p1a: Dialga|Heavy Slam|p2a: Tentacruel
|-resisted|p2a: Tentacruel
|-crit|p2a: Tentacruel
|-damage|p2a: Tentacruel|0 fnt
|faint|p2a: Tentacruel
|
|upkeep
|
|t:|1776975979
|switch|p2a: Staraptor|Staraptor, L79, F|263/263
|turn|12
|
|t:|1776975985
|move|p2a: Staraptor|Brave Bird|p1a: Dialga
|-resisted|p1a: Dialga
|-damage|p1a: Dialga|20/266 par
|-damage|p2a: Staraptor|227/263|[from] Recoil
|move|p1a: Dialga|Thunder Wave|p2a: Staraptor
|-status|p2a: Staraptor|par
|
|upkeep
|turn|13
|
|t:|1776975994
|move|p2a: Staraptor|Brave Bird|p1a: Dialga
|-resisted|p1a: Dialga
|-damage|p1a: Dialga|0 fnt
|faint|p1a: Dialga
|-damage|p2a: Staraptor|220/263 par|[from] Recoil
|
|upkeep
|
|t:|1776976003
|switch|p1a: Wyrdeer|Wyrdeer, L87, F|321/321
|-ability|p1a: Wyrdeer|Intimidate|boost
|-unboost|p2a: Staraptor|atk|1
|turn|14
|
|t:|1776976010
|move|p1a: Wyrdeer|Body Slam|p2a: Staraptor
|-damage|p2a: Staraptor|87/263 par
|cant|p2a: Staraptor|par
|
|upkeep
|turn|15
|
|t:|1776976016
|move|p1a: Wyrdeer|Body Slam|p2a: Staraptor
|-damage|p2a: Staraptor|0 fnt
|faint|p2a: Staraptor
|
|upkeep
|
|t:|1776976021
|switch|p2a: Clefable|Clefable, L83, M|293/293
|turn|16
|
|t:|1776976026
|switch|p1a: Iron Treads|Iron Treads, L77|265/265
|move|p2a: Clefable|Thunder Wave|p1a: Iron Treads
|-immune|p1a: Iron Treads
|
|upkeep
|turn|17
|
|t:|1776976034
|switch|p2a: Lilligant|Lilligant, L86, F|261/261
|move|p1a: Iron Treads|Iron Head|p2a: Lilligant
|-damage|p2a: Lilligant|174/261
|
|upkeep
|turn|18
|
|t:|1776976046
|-end|p1a: Iron Treads|Quark Drive|[silent]
|switch|p1a: Goodra|Goodra, L85, M|292/292
|move|p2a: Lilligant|Quiver Dance|p2a: Lilligant
|-boost|p2a: Lilligant|spa|1
|-boost|p2a: Lilligant|spd|1
|-boost|p2a: Lilligant|spe|1
|
|upkeep
|turn|19
|
|t:|1776976055
|move|p2a: Lilligant|Quiver Dance|p2a: Lilligant
|-boost|p2a: Lilligant|spa|1
|-boost|p2a: Lilligant|spd|1
|-boost|p2a: Lilligant|spe|1
|move|p1a: Goodra|Knock Off|p2a: Lilligant
|-damage|p2a: Lilligant|90/261
|-enditem|p2a: Lilligant|Life Orb|[from] move: Knock Off|[of] p1a: Goodra
|
|upkeep
|turn|20
|
|t:|1776976065
|move|p2a: Lilligant|Quiver Dance|p2a: Lilligant
|-boost|p2a: Lilligant|spa|1
|-boost|p2a: Lilligant|spd|1
|-boost|p2a: Lilligant|spe|1
|move|p1a: Goodra|Knock Off|p2a: Lilligant
|-damage|p2a: Lilligant|39/261
|
|upkeep
|turn|21
|
|t:|1776976074
|move|p2a: Lilligant|Alluring Voice|p1a: Goodra
|-supereffective|p1a: Goodra
|-damage|p1a: Goodra|90/292
|move|p1a: Goodra|Knock Off|p2a: Lilligant
|-damage|p2a: Lilligant|0 fnt
|faint|p2a: Lilligant
|
|upkeep
|
|t:|1776976083
|switch|p2a: Iron Hands|Iron Hands, L79|373/373
|turn|22
|
|t:|1776976087
|switch|p1a: Wyrdeer|Wyrdeer, L87, F|321/321
|-ability|p1a: Wyrdeer|Intimidate|boost
|-unboost|p2a: Iron Hands|atk|1
|move|p2a: Iron Hands|Fake Out|p1a: Wyrdeer
|-damage|p1a: Wyrdeer|296/321
|
|upkeep
|turn|23
|-message|Jdjsjjdd forfeited.
|
|win|ksnwisxv
|raw|ksnwisxv's rating: 1078 &rarr; <strong>1105</strong><br />(+27 for winning)
|raw|Jdjsjjdd's rating: 1066 &rarr; <strong>1047</strong><br />(-19 for losing)
|l|☆Jdjsjjdd
|player|p2|
