|j|☆lukarda
|j|☆Basic-Burger
|t:|1776977086
|gametype|singles
|player|p1|lukarda|riley|1314
|player|p2|Basic-Burger|artist|1260
|gen|9
|tier|[Gen 9] Random Battle
|rated|
|rule|Species Clause: Limit one of each Pokémon
|rule|HP Percentage Mod: HP is shown in percentages
|rule|Sleep Clause Mod: Limit one foe put to sleep
|rule|Illusion Level Mod: Illusion disguises the Pokémon's true level
|
|t:|1776977086
|teamsize|p1|6
|teamsize|p2|6
|start
|switch|p1a: Golurk|Golurk, L87|297/297
|switch|p2a: Dialga|Dialga, L73|266/266
|-ability|p2a: Dialga|Pressure
|turn|1
|inactive|Battle timer is ON: inactive players will automatically lose when time's up. (requested by Basic-Burger)
|inactive|Basic-Burger has 120 seconds left.
|
|t:|1776977119
|move|p2a: Dialga|Draco Meteor|p1a: Golurk
|-damage|p1a: Golurk|128/297
|-unboost|p2a: Dialga|spa|2
|move|p1a: Golurk|Stealth Rock|p2a: Dialga
|-sidestart|p2: Basic-Burger|move: Stealth Rock
|
|upkeep
|turn|2
|
|t:|1776977133
|switch|p2a: Rayquaza|Rayquaza, L72|270/270
|-damage|p2a: Rayquaza|203/270|[from] Stealth Rock
|-ability|p2a: Rayquaza|Air Lock
|move|p1a: Golurk|Earthquake|p2a: Rayquaza
|-immune|p2a: Rayquaza
|
|upkeep
|turn|3
|
|t:|1776977143
|move|p2a: Rayquaza|Scale Shot|p1a: Golurk
|-damage|p1a: Golurk|100/297
|-damage|p1a: Golurk|73/297
|-damage|p1a: Golurk|45/297
|-damage|p1a: Golurk|17/297
|-damage|p1a: Golurk|0 fnt
|faint|p1a: Golurk
|-hitcount|p1: Golurk|5
|-unboost|p2a: Rayquaza|def|1
|-boost|p2a: Rayquaza|spe|1
|
|upkeep
|
|t:|1776977154
|switch|p1a: Girafarig|Girafarig, L89, M|269/269
|turn|4
|
|t:|1776977175
|move|p2a: Rayquaza|Dragon Ascent|p1a: Girafarig
|-damage|p1a: Girafarig|164/269
|-unboost|p2a: Rayquaza|def|1
|-unboost|p2a: Rayquaza|spd|1
|move|p1a: Girafarig|Psyshock|p2a: Rayquaza
|-damage|p2a: Rayquaza|0 fnt
|faint|p2a: Rayquaza
|
|upkeep
|
|t:|1776977193
|switch|p2a: Oinkologne|Oinkologne-F, L92, F|361/361
|-damage|p2a: Oinkologne|316/361|[from] Stealth Rock
|turn|5
|
|t:|1776977198
|move|p1a: Girafarig|Nasty Plot|p1a: Girafarig
|-boost|p1a: Girafarig|spa|2
|move|p2a: Oinkologne|Curse|p2a: Oinkologne
|-unboost|p2a: Oinkologne|spe|1
|-boost|p2a: Oinkologne|atk|1
|-boost|p2a: Oinkologne|def|1
|
|-heal|p2a: Oinkologne|338/361|[from] item: Leftovers
|upkeep
|turn|6
|
|t:|1776977205
|move|p1a: Girafarig|Nasty Plot|p1a: Girafarig
|-boost|p1a: Girafarig|spa|2
|move|p2a: Oinkologne|Body Slam|p1a: Girafarig
|-damage|p1a: Girafarig|55/269
|-status|p1a: Girafarig|par
|
|-heal|p2a: Oinkologne|360/361|[from] item: Leftovers
|upkeep
|turn|7
|
|t:|1776977210
|move|p2a: Oinkologne|Body Slam|p1a: Girafarig
|-damage|p1a: Girafarig|0 fnt
|faint|p1a: Girafarig
|
|-heal|p2a: Oinkologne|361/361|[from] item: Leftovers
|upkeep
|
|t:|1776977224
|switch|p1a: Iron Valiant|Iron Valiant, L78|244/244
|turn|8
|
|t:|1776977237
|-terastallize|p2a: Oinkologne|Poison
|move|p1a: Iron Valiant|Swords Dance|p1a: Iron Valiant
|-boost|p1a: Iron Valiant|atk|2
|move|p2a: Oinkologne|Body Slam|p1a: Iron Valiant
|-damage|p1a: Iron Valiant|70/244
|
|upkeep
|turn|9
|
|t:|1776977253
|move|p1a: Iron Valiant|Close Combat|p2a: Oinkologne
|-resisted|p2a: Oinkologne
|-damage|p2a: Oinkologne|222/361
|-unboost|p1a: Iron Valiant|def|1
|-unboost|p1a: Iron Valiant|spd|1
|-damage|p1a: Iron Valiant|46/244|[from] item: Life Orb
|move|p2a: Oinkologne|Body Slam|p1a: Iron Valiant
|-damage|p1a: Iron Valiant|0 fnt
|faint|p1a: Iron Valiant
|-end|p1a: Iron Valiant|Quark Drive|[silent]
|
|-heal|p2a: Oinkologne|244/361|[from] item: Leftovers
|upkeep
|
|t:|1776977261
|switch|p1a: Iron Jugulis|Iron Jugulis, L77|271/271
|turn|10
|
|t:|1776977269
|move|p1a: Iron Jugulis|Meteor Beam||[still]
|-prepare|p1a: Iron Jugulis|Meteor Beam
|-boost|p1a: Iron Jugulis|spa|1
|-enditem|p1a: Iron Jugulis|Power Herb
|-anim|p1a: Iron Jugulis|Meteor Beam|p2a: Oinkologne
|-damage|p2a: Oinkologne|122/361
|move|p2a: Oinkologne|Rest|p2a: Oinkologne
|-status|p2a: Oinkologne|slp|[from] move: Rest
|-heal|p2a: Oinkologne|361/361 slp|[silent]
|
|upkeep
|turn|11
|
|t:|1776977286
|move|p1a: Iron Jugulis|Earth Power|p2a: Oinkologne
|-supereffective|p2a: Oinkologne
|-damage|p2a: Oinkologne|189/361 slp
|cant|p2a: Oinkologne|slp
|move|p2a: Oinkologne|Sleep Talk|p2a: Oinkologne
|move|p2a: Oinkologne|Body Slam|p1a: Iron Jugulis|[from] move: Sleep Talk
|-damage|p1a: Iron Jugulis|109/271
|
|-heal|p2a: Oinkologne|211/361 slp|[from] item: Leftovers
|upkeep
|turn|12
|
|t:|1776977292
|move|p1a: Iron Jugulis|Earth Power|p2a: Oinkologne
|-supereffective|p2a: Oinkologne
|-damage|p2a: Oinkologne|33/361 slp
|-unboost|p2a: Oinkologne|spd|1
|cant|p2a: Oinkologne|slp
|move|p2a: Oinkologne|Sleep Talk|p2a: Oinkologne
|move|p2a: Oinkologne|Rest||[from] move: Sleep Talk|[still]
|-fail|p2a: Oinkologne
|
|-heal|p2a: Oinkologne|55/361 slp|[from] item: Leftovers
|upkeep
|turn|13
|
|t:|1776977305
|move|p1a: Iron Jugulis|Earth Power|p2a: Oinkologne
|-supereffective|p2a: Oinkologne
|-damage|p2a: Oinkologne|0 fnt
|faint|p2a: Oinkologne
|
|upkeep
|
|t:|1776977317
|switch|p2a: Jolteon|Jolteon, L84, M|246/246
|-damage|p2a: Jolteon|216/246|[from] Stealth Rock
|turn|14
|
|t:|1776977326
|move|p2a: Jolteon|Alluring Voice|p1a: Iron Jugulis
|-supereffective|p1a: Iron Jugulis
|-damage|p1a: Iron Jugulis|0 fnt
|faint|p1a: Iron Jugulis
|-end|p1a: Iron Jugulis|Quark Drive|[silent]
|-damage|p2a: Jolteon|192/246|[from] item: Life Orb
|
|upkeep
|
|t:|1776977330
|switch|p1a: Lapras|Lapras, L87, M|367/367
|turn|15
|
|t:|1776977341
|move|p2a: Jolteon|Thunderbolt|p1a: Lapras
|-supereffective|p1a: Lapras
|-crit|p1a: Lapras
|-damage|p1a: Lapras|21/367
|-status|p1a: Lapras|par
|-damage|p2a: Jolteon|168/246|[from] item: Life Orb
|cant|p1a: Lapras|par
|
|upkeep
|turn|16
|
|t:|1776977344
|move|p2a: Jolteon|Alluring Voice|p1a: Lapras
|-crit|p1a: Lapras
|-damage|p1a: Lapras|0 fnt
|faint|p1a: Lapras
|-damage|p2a: Jolteon|144/246|[from] item: Life Orb
|
|upkeep
|
|t:|1776977347
|switch|p1a: Chandelure|Chandelure, L83, F|235/235
|turn|17
|c|☆Basic-Burger|Back to back crits is wild
|
|t:|1776977369
|move|p1a: Chandelure|Shadow Ball|p2a: Jolteon
|-damage|p2a: Jolteon|26/246
|move|p2a: Jolteon|Shadow Ball|p1a: Chandelure
|-supereffective|p1a: Chandelure
|-damage|p1a: Chandelure|61/235
|-damage|p2a: Jolteon|2/246|[from] item: Life Orb
|
|upkeep
|turn|18
|
|t:|1776977375
|switch|p2a: Oranguru|Oranguru, L92, M|315/315
|-damage|p2a: Oranguru|276/315|[from] Stealth Rock
|move|p1a: Chandelure|Shadow Ball|p2a: Oranguru
|-immune|p2a: Oranguru
|
|upkeep
|turn|19
|-message|lukarda forfeited.
|
|win|Basic-Burger
|raw|lukarda's rating: 1314 &rarr; <strong>1291</strong><br />(-23 for losing)
|raw|Basic-Burger's rating: 1260 &rarr; <strong>1289</strong><br />(+29 for winning)
|l|☆lukarda
|player|p1|
