|j|☆nose jeje salu2
|j|☆OG Mudbone 96
|t:|1776978652
|gametype|singles
|player|p1|nose jeje salu2|clair|1537
|player|p2|OG Mudbone 96|marshal|1518
|gen|9
|tier|[Gen 9] Random Battle
|rated|
|rule|Species Clause: Limit one of each Pokémon
|rule|HP Percentage Mod: HP is shown in percentages
|rule|Sleep Clause Mod: Limit one foe put to sleep
|rule|Illusion Level Mod: Illusion disguises the Pokémon's true level
|
|t:|1776978652
|teamsize|p1|6
|teamsize|p2|6
|start
|switch|p1a: Probopass|Probopass, L91, F|257/257
|switch|p2a: Granbull|Granbull, L88, F|302/302
|-ability|p2a: Granbull|Intimidate|boost
|-unboost|p1a: Probopass|atk|1
|turn|1
|inactive|Battle timer is ON: inactive players will automatically lose when time's up. (requested by OG Mudbone 96)
|
|t:|1776978677
|move|p2a: Granbull|Earthquake|p1a: Probopass
|-supereffective|p1a: Probopass
|-damage|p1a: Probopass|29/257
|move|p1a: Probopass|Thunder Wave|p2a: Granbull
|-status|p2a: Granbull|par
|
|-heal|p1a: Probopass|45/257|[from] item: Leftovers
|upkeep
|turn|2
|
|t:|1776978694
|switch|p1a: Enamorus|Enamorus, L79, F|247/247
|cant|p2a: Granbull|par
|
|upkeep
|turn|3
|
|t:|1776978703
|move|p1a: Enamorus|Superpower|p2a: Granbull
|-resisted|p2a: Granbull
|-damage|p2a: Granbull|254/302 par
|-boost|p1a: Enamorus|atk|1
|-boost|p1a: Enamorus|def|1
|cant|p2a: Granbull|par
|
|-heal|p2a: Granbull|272/302 par|[from] item: Leftovers
|upkeep
|turn|4
|
|t:|1776978710
|move|p1a: Enamorus|Superpower|p2a: Granbull
|-resisted|p2a: Granbull
|-crit|p2a: Granbull
|-damage|p2a: Granbull|163/302 par
|-boost|p1a: Enamorus|atk|1
|-boost|p1a: Enamorus|def|1
|move|p2a: Granbull|Roar|p1a: Enamorus
|drag|p1a: Comfey|Comfey, L85, F|225/225
|
|-heal|p2a: Granbull|181/302 par|[from] item: Leftovers
|upkeep
|turn|5
|
|t:|1776978723
|move|p1a: Comfey|Draining Kiss|p2a: Granbull
|-damage|p2a: Granbull|120/302 par
|move|p2a: Granbull|Thunder Wave|p1a: Comfey
|-status|p1a: Comfey|par
|
|-heal|p2a: Granbull|138/302 par|[from] item: Leftovers
|upkeep
|turn|6
|
|t:|1776978739
|switch|p1a: Passimian|Passimian, L83, M|302/302
|switch|p2a: Comfey|Comfey, L85, F|225/225
|
|upkeep
|turn|7
|
|t:|1776978768
|switch|p2a: Mew|Mew, L82|298/298
|move|p1a: Passimian|Gunk Shot|p2a: Mew
|-damage|p2a: Mew|198/298
|
|-heal|p2a: Mew|216/298|[from] item: Leftovers
|upkeep
|turn|8
|
|t:|1776978781
|switch|p1a: Probopass|Probopass, L91, F|45/257
|move|p2a: Mew|U-turn|p1a: Probopass
|-resisted|p1a: Probopass
|-damage|p1a: Probopass|31/257
|inactive|OG Mudbone 96 has 120 seconds left.
|
|t:|1776978806
|switch|p2a: Kyurem|Kyurem-Black, L71|295/295|[from] U-turn
|-ability|p2a: Kyurem|Teravolt
|
|-heal|p1a: Probopass|47/257|[from] item: Leftovers
|upkeep
|turn|9
|
|t:|1776978822
|move|p2a: Kyurem|Fusion Bolt|p1a: Probopass
|-damage|p1a: Probopass|0 fnt
|faint|p1a: Probopass
|
|upkeep
|
|t:|1776978829
|switch|p1a: Passimian|Passimian, L83, M|302/302
|turn|10
|inactive|OG Mudbone 96 has 120 seconds left.
|
|t:|1776978847
|switch|p2a: Granbull|Granbull, L88, F|138/302 par
|-ability|p2a: Granbull|Intimidate|boost
|-unboost|p1a: Passimian|atk|1
|-ability|p1a: Passimian|Defiant|boost
|-boost|p1a: Passimian|atk|2
|move|p1a: Passimian|U-turn|p2a: Granbull
|-resisted|p2a: Granbull
|-damage|p2a: Granbull|94/302 par
|
|t:|1776978856
|switch|p1a: Enamorus|Enamorus, L79, F|247/247|[from] U-turn
|
|-heal|p2a: Granbull|112/302 par|[from] item: Leftovers
|upkeep
|turn|11
|
|t:|1776978862
|move|p1a: Enamorus|Play Rough|p2a: Granbull
|-damage|p2a: Granbull|1/302 par
|move|p2a: Granbull|Thunder Wave|p1a: Enamorus
|-status|p1a: Enamorus|par
|
|-heal|p2a: Granbull|19/302 par|[from] item: Leftovers
|upkeep
|turn|12
|
|t:|1776978871
|cant|p1a: Enamorus|par
|move|p2a: Granbull|Play Rough|p1a: Enamorus
|-damage|p1a: Enamorus|88/247 par
|
|-heal|p2a: Granbull|37/302 par|[from] item: Leftovers
|upkeep
|turn|13
|
|t:|1776978882
|switch|p2a: Comfey|Comfey, L85, F|225/225
|move|p1a: Enamorus|Play Rough|p2a: Comfey
|-damage|p2a: Comfey|131/225
|
|-heal|p2a: Comfey|145/225|[from] item: Leftovers
|upkeep
|turn|14
|
|t:|1776978889
|move|p2a: Comfey|Calm Mind|p2a: Comfey
|-boost|p2a: Comfey|spa|1
|-boost|p2a: Comfey|spd|1
|move|p1a: Enamorus|Taunt|p2a: Comfey
|-start|p2a: Comfey|move: Taunt
|
|-heal|p2a: Comfey|159/225|[from] item: Leftovers
|upkeep
|turn|15
|
|t:|1776978896
|move|p2a: Comfey|Draining Kiss|p1a: Enamorus
|-damage|p1a: Enamorus|4/247 par
|-heal|p2a: Comfey|222/225|[from] drain|[of] p1a: Enamorus
|move|p1a: Enamorus|Play Rough|p2a: Comfey
|-damage|p2a: Comfey|134/225
|
|-heal|p2a: Comfey|148/225|[from] item: Leftovers
|upkeep
|turn|16
|
|t:|1776978903
|move|p2a: Comfey|Draining Kiss|p1a: Enamorus
|-damage|p1a: Enamorus|0 fnt
|-heal|p2a: Comfey|151/225|[from] drain|[of] p1a: Enamorus
|faint|p1a: Enamorus
|
|-heal|p2a: Comfey|165/225|[from] item: Leftovers
|upkeep
|
|t:|1776978905
|switch|p1a: Passimian|Passimian, L83, M|302/302
|turn|17
|
|t:|1776978924
|move|p2a: Comfey|Draining Kiss|p1a: Passimian
|-supereffective|p1a: Passimian
|-damage|p1a: Passimian|114/302
|-heal|p2a: Comfey|225/225|[from] drain|[of] p1a: Passimian
|move|p1a: Passimian|U-turn|p2a: Comfey
|-resisted|p2a: Comfey
|-damage|p2a: Comfey|197/225
|
|t:|1776978936
|switch|p1a: Reuniclus|Reuniclus, L88, F|337/337|[from] U-turn
|
|-heal|p2a: Comfey|211/225|[from] item: Leftovers
|-end|p2a: Comfey|move: Taunt
|upkeep
|turn|18
|
|t:|1776978944
|move|p2a: Comfey|Calm Mind|p2a: Comfey
|-boost|p2a: Comfey|spa|1
|-boost|p2a: Comfey|spd|1
|move|p1a: Reuniclus|Calm Mind|p1a: Reuniclus
|-boost|p1a: Reuniclus|spa|1
|-boost|p1a: Reuniclus|spd|1
|
|-heal|p2a: Comfey|225/225|[from] item: Leftovers
|upkeep
|turn|19
|
|t:|1776978949
|move|p2a: Comfey|Encore|p1a: Reuniclus
|-start|p1a: Reuniclus|Encore
|move|p1a: Reuniclus|Calm Mind|p1a: Reuniclus
|-boost|p1a: Reuniclus|spa|1
|-boost|p1a: Reuniclus|spd|1
|
|upkeep
|turn|20
|-message|nose jeje salu2 forfeited.
|
|win|OG Mudbone 96
|raw|nose jeje salu2's rating: 1537 &rarr; <strong>1516</strong><br />(-21 for losing)
|raw|OG Mudbone 96's rating: 1518 &rarr; <strong>1539</strong><br />(+21 for winning)
|l|☆nose jeje salu2
|player|p1|
