|j|☆shotokekipurin
|j|‽dribblet1
|t:|1776980588
|gametype|singles
|player|p1|shotokekipurin|may-masters4|1444
|player|p2|dribblet1|2|1492
|gen|9
|tier|[Gen 9] Random Battle
|rated|
|rule|Species Clause: Limit one of each Pokémon
|rule|HP Percentage Mod: HP is shown in percentages
|rule|Sleep Clause Mod: Limit one foe put to sleep
|rule|Illusion Level Mod: Illusion disguises the Pokémon's true level
|
|t:|1776980588
|teamsize|p1|6
|teamsize|p2|6
|start
|switch|p1a: Perrserker|Perrserker, L89, M|269/269
|switch|p2a: Terrakion|Terrakion, L79|273/273
|turn|1
|
|t:|1776980597
|switch|p1a: Palossand|Palossand, L89, F|296/296
|move|p2a: Terrakion|Close Combat|p1a: Palossand
|-immune|p1a: Palossand
|
|upkeep
|turn|2
|
|t:|1776980605
|switch|p2a: Serperior|Serperior, L79, M|248/248
|switch|p1a: Perrserker|Perrserker, L89, M|269/269
|
|upkeep
|turn|3
|
|t:|1776980634
|move|p2a: Serperior|Substitute|p2a: Serperior
|-start|p2a: Serperior|Substitute
|-damage|p2a: Serperior|186/248
|move|p1a: Perrserker|U-turn|p2a: Serperior
|-supereffective|p2a: Serperior
|-end|p2a: Serperior|Substitute
|-damage|p1a: Perrserker|243/269|[from] item: Life Orb
|
|t:|1776980638
|switch|p1a: Tornadus|Tornadus-Therian, L79, M|254/254|[from] U-turn
|
|-heal|p2a: Serperior|201/248|[from] item: Leftovers
|upkeep
|turn|4
|
|t:|1776980649
|switch|p2a: Forretress|Forretress, L84, M|263/263
|move|p1a: Tornadus|Bleakwind Storm|p2a: Forretress|[miss]
|-miss|p1a: Tornadus|p2a: Forretress
|
|upkeep
|turn|5
|
|t:|1776980652
|move|p1a: Tornadus|Heat Wave|p2a: Forretress|[miss]
|-miss|p1a: Tornadus|p2a: Forretress
|move|p2a: Forretress|Stealth Rock|p1a: Tornadus
|-sidestart|p1: shotokekipurin|move: Stealth Rock
|
|upkeep
|turn|6
|
|t:|1776980675
|switch|p2a: Misdreavus|Misdreavus, L90, M|254/254
|move|p1a: Tornadus|U-turn|p2a: Misdreavus
|-resisted|p2a: Misdreavus
|-damage|p2a: Misdreavus|237/254
|
|t:|1776980704
|switch|p1a: Regieleki|Regieleki, L79|256/256|[from] U-turn
|-damage|p1a: Regieleki|224/256|[from] Stealth Rock
|
|upkeep
|turn|7
|
|t:|1776980738
|move|p1a: Regieleki|Thunderbolt|p2a: Misdreavus
|-damage|p2a: Misdreavus|153/254
|move|p2a: Misdreavus|Shadow Ball|p1a: Regieleki
|-damage|p1a: Regieleki|77/256
|
|upkeep
|turn|8
|
|t:|1776980746
|move|p1a: Regieleki|Thunderbolt|p2a: Misdreavus
|-damage|p2a: Misdreavus|72/254
|move|p2a: Misdreavus|Shadow Ball|p1a: Regieleki
|-damage|p1a: Regieleki|0 fnt
|faint|p1a: Regieleki
|
|upkeep
|
|t:|1776980748
|switch|p1a: Tornadus|Tornadus-Therian, L79, M|254/254
|-damage|p1a: Tornadus|191/254|[from] Stealth Rock
|turn|9
|
|t:|1776980752
|move|p1a: Tornadus|Knock Off|p2a: Misdreavus
|-supereffective|p2a: Misdreavus
|-damage|p2a: Misdreavus|0 fnt
|-enditem|p2a: Misdreavus|Eviolite|[from] move: Knock Off|[of] p1a: Tornadus
|faint|p2a: Misdreavus
|
|upkeep
|
|t:|1776980761
|switch|p2a: Toedscruel|Toedscruel, L87, F|281/281
|turn|10
|
|t:|1776980771
|move|p1a: Tornadus|U-turn|p2a: Toedscruel
|-supereffective|p2a: Toedscruel
|-damage|p2a: Toedscruel|173/281
|
|t:|1776980788
|switch|p1a: Milotic|Milotic, L83, F|293/293|[from] U-turn
|-damage|p1a: Milotic|257/293|[from] Stealth Rock
|move|p2a: Toedscruel|Toxic|p1a: Milotic
|-status|p1a: Milotic|tox
|
|-heal|p2a: Toedscruel|190/281|[from] item: Leftovers
|-heal|p1a: Milotic|275/293 tox|[from] item: Leftovers
|-damage|p1a: Milotic|257/293 tox|[from] psn
|upkeep
|turn|11
|
|t:|1776980800
|switch|p1a: Iron Treads|Iron Treads, L77|265/265
|-damage|p1a: Iron Treads|257/265|[from] Stealth Rock
|move|p2a: Toedscruel|Leaf Storm|p1a: Iron Treads
|-damage|p1a: Iron Treads|146/265
|-unboost|p2a: Toedscruel|spa|2
|
|-heal|p2a: Toedscruel|207/281|[from] item: Leftovers
|upkeep
|turn|12
|
|t:|1776980810
|switch|p2a: Forretress|Forretress, L84, M|263/263
|move|p1a: Iron Treads|Rapid Spin|p2a: Forretress
|-resisted|p2a: Forretress
|-damage|p2a: Forretress|250/263
|-boost|p1a: Iron Treads|spe|1
|-sideend|p1: shotokekipurin|Stealth Rock|[from] move: Rapid Spin|[of] p1a: Iron Treads
|
|-heal|p2a: Forretress|263/263|[from] item: Leftovers
|upkeep
|turn|13
|
|t:|1776980819
|-end|p1a: Iron Treads|Quark Drive|[silent]
|switch|p1a: Perrserker|Perrserker, L89, M|243/269
|move|p2a: Forretress|Body Press|p1a: Perrserker
|-supereffective|p1a: Perrserker
|-crit|p1a: Perrserker
|-damage|p1a: Perrserker|31/269
|
|upkeep
|turn|14
|
|t:|1776980823
|move|p1a: Perrserker|Stealth Rock|p2a: Forretress
|-sidestart|p2: dribblet1|move: Stealth Rock
|move|p2a: Forretress|Body Press|p1a: Perrserker
|-supereffective|p1a: Perrserker
|-damage|p1a: Perrserker|0 fnt
|faint|p1a: Perrserker
|
|upkeep
|
|t:|1776980825
|switch|p1a: Tornadus|Tornadus-Therian, L79, M|254/254
|turn|15
|
|t:|1776980831
|switch|p2a: Terrakion|Terrakion, L79|273/273
|-damage|p2a: Terrakion|256/273|[from] Stealth Rock
|move|p1a: Tornadus|Heat Wave|p2a: Terrakion
|-resisted|p2a: Terrakion
|-damage|p2a: Terrakion|223/273
|
|upkeep
|turn|16
|
|t:|1776980837
|switch|p1a: Palossand|Palossand, L89, F|296/296
|move|p2a: Terrakion|Stone Edge|p1a: Palossand
|-resisted|p1a: Palossand
|-damage|p1a: Palossand|233/296
|
|-heal|p1a: Palossand|251/296|[from] item: Leftovers
|upkeep
|turn|17
|
|t:|1776980846
|switch|p2a: Serperior|Serperior, L79, M|201/248
|-damage|p2a: Serperior|170/248|[from] Stealth Rock
|move|p1a: Palossand|Sludge Bomb|p2a: Serperior
|-supereffective|p2a: Serperior
|-damage|p2a: Serperior|12/248
|
|-heal|p2a: Serperior|27/248|[from] item: Leftovers
|-heal|p1a: Palossand|269/296|[from] item: Leftovers
|upkeep
|turn|18
|
|t:|1776980851
|switch|p1a: Tornadus|Tornadus-Therian, L79, M|254/254
|move|p2a: Serperior|Leech Seed|p1a: Tornadus
|-start|p1a: Tornadus|move: Leech Seed
|
|-heal|p2a: Serperior|42/248|[from] item: Leftovers
|-damage|p1a: Tornadus|223/254|[from] Leech Seed|[of] p2a: Serperior
|-heal|p2a: Serperior|73/248|[silent]
|upkeep
|turn|19
|
|t:|1776980869
|move|p1a: Tornadus|U-turn|p2a: Serperior
|-supereffective|p2a: Serperior
|-damage|p2a: Serperior|0 fnt
|faint|p2a: Serperior
|
|t:|1776980880
|switch|p1a: Milotic|Milotic, L83, F|257/293 tox|[from] U-turn
|
|-heal|p1a: Milotic|275/293 tox|[from] item: Leftovers
|-damage|p1a: Milotic|257/293 tox|[from] psn
|upkeep
|inactive|Battle timer is ON: inactive players will automatically lose when time's up. (requested by dribblet1)
|
|t:|1776980890
|switch|p2a: Toedscruel|Toedscruel, L87, F|207/281
|-damage|p2a: Toedscruel|190/281|[from] Stealth Rock
|turn|20
|
|t:|1776980905
|-terastallize|p1a: Milotic|Steel
|move|p1a: Milotic|Ice Beam|p2a: Toedscruel
|-supereffective|p2a: Toedscruel
|-damage|p2a: Toedscruel|0 fnt
|faint|p2a: Toedscruel
|
|-heal|p1a: Milotic|275/293 tox|[from] item: Leftovers
|-damage|p1a: Milotic|239/293 tox|[from] psn
|upkeep
|
|t:|1776980922
|switch|p2a: Mienshao|Mienshao, L83, M|243/243
|-damage|p2a: Mienshao|228/243|[from] Stealth Rock
|turn|21
|
|t:|1776980931
|switch|p1a: Palossand|Palossand, L89, F|269/296
|move|p2a: Mienshao|High Jump Kick|p1a: Palossand
|-immune|p1a: Palossand
|-damage|p2a: Mienshao|107/243|[from] highjumpkick
|
|-heal|p1a: Palossand|287/296|[from] item: Leftovers
|upkeep
|turn|22
|
|t:|1776980940
|switch|p2a: Forretress|Forretress, L84, M|263/263
|-damage|p2a: Forretress|231/263|[from] Stealth Rock
|switch|p1a: Tornadus|Tornadus-Therian, L79, M|254/254
|
|-heal|p2a: Forretress|247/263|[from] item: Leftovers
|upkeep
|turn|23
|
|t:|1776980948
|move|p1a: Tornadus|Heat Wave|p2a: Forretress
|-supereffective|p2a: Forretress
|-damage|p2a: Forretress|0 fnt
|faint|p2a: Forretress
|
|upkeep
|
|t:|1776980951
|switch|p2a: Terrakion|Terrakion, L79|223/273
|-damage|p2a: Terrakion|206/273|[from] Stealth Rock
|turn|24
|
|t:|1776980956
|switch|p1a: Milotic|Milotic, L83, F, tera:Steel|239/293 tox
|move|p2a: Terrakion|Earthquake|p1a: Milotic
|-supereffective|p1a: Milotic
|-damage|p1a: Milotic|0 fnt
|faint|p1a: Milotic
|
|upkeep
|
|t:|1776980959
|switch|p1a: Tornadus|Tornadus-Therian, L79, M|254/254
|turn|25
|
|t:|1776980962
|move|p1a: Tornadus|Bleakwind Storm|p2a: Terrakion
|-damage|p2a: Terrakion|106/273
|-unboost|p2a: Terrakion|spe|1
|move|p2a: Terrakion|Earthquake|p1a: Tornadus
|-immune|p1a: Tornadus
|
|upkeep
|turn|26
|
|t:|1776980969
|switch|p2a: Mienshao|Mienshao, L83, M|107/243
|-damage|p2a: Mienshao|92/243|[from] Stealth Rock
|move|p1a: Tornadus|Bleakwind Storm|p2a: Mienshao
|-supereffective|p2a: Mienshao
|-damage|p2a: Mienshao|0 fnt
|faint|p2a: Mienshao
|
|upkeep
|
|t:|1776980971
|switch|p2a: Terrakion|Terrakion, L79|106/273
|-damage|p2a: Terrakion|89/273|[from] Stealth Rock
|turn|27
|
|t:|1776980974
|switch|p1a: Palossand|Palossand, L89, F|287/296
|move|p2a: Terrakion|Stone Edge|p1a: Palossand
|-resisted|p1a: Palossand
|-damage|p1a: Palossand|213/296
|
|-heal|p1a: Palossand|231/296|[from] item: Leftovers
|upkeep
|turn|28
|-message|dribblet1 forfeited.
|
|win|shotokekipurin
|raw|shotokekipurin's rating: 1444 &rarr; <strong>1467</strong><br />(+23 for winning)
|raw|dribblet1's rating: 1492 &rarr; <strong>1469</strong><br />(-23 for losing)
|l|‽dribblet1
|player|p2|
