|j|☆987654321t
|j|☆dongurihunter7
|t:|1772745511
|gametype|singles
|player|p1|987654321t|266|1520
|player|p2|dongurihunter7|2|1535
|gen|9
|tier|[Gen 9] Random Battle
|rated|
|rule|Species Clause: Limit one of each Pokémon
|rule|HP Percentage Mod: HP is shown in percentages
|rule|Sleep Clause Mod: Limit one foe put to sleep
|rule|Illusion Level Mod: Illusion disguises the Pokémon's true level
|
|t:|1772745511
|teamsize|p1|6
|teamsize|p2|6
|start
|switch|p1a: Raging Bolt|Raging Bolt, L78|323/323
|switch|p2a: Diancie|Diancie, L82|216/216
|turn|1
|inactive|Battle timer is ON: inactive players will automatically lose when time's up. (requested by 987654321t)
|
|t:|1772745520
|-end|p1a: Raging Bolt|Protosynthesis|[silent]
|switch|p1a: Whimsicott|Whimsicott, L84, M|238/238
|move|p2a: Diancie|Calm Mind|p2a: Diancie
|-boost|p2a: Diancie|spa|1
|-boost|p2a: Diancie|spd|1
|
|upkeep
|turn|2
|
|t:|1772745526
|switch|p2a: Masquerain|Masquerain, L87, F|264/264
|-ability|p2a: Masquerain|Intimidate|boost
|-unboost|p1a: Whimsicott|atk|1
|move|p1a: Whimsicott|Encore||[still]
|-fail|p1a: Whimsicott
|
|upkeep
|turn|3
|
|t:|1772745530
|move|p1a: Whimsicott|Substitute|p1a: Whimsicott
|-start|p1a: Whimsicott|Substitute
|-damage|p1a: Whimsicott|179/238
|move|p2a: Masquerain|Hurricane|p1a: Whimsicott|[miss]
|-miss|p2a: Masquerain|p1a: Whimsicott
|
|-heal|p1a: Whimsicott|193/238|[from] item: Leftovers
|upkeep
|turn|4
|
|t:|1772745535
|move|p1a: Whimsicott|Leech Seed|p2a: Masquerain
|-start|p2a: Masquerain|move: Leech Seed
|move|p2a: Masquerain|Bug Buzz|p1a: Whimsicott
|-damage|p1a: Whimsicott|82/238
|
|-heal|p1a: Whimsicott|96/238|[from] item: Leftovers
|-damage|p2a: Masquerain|231/264|[from] Leech Seed|[of] p1a: Whimsicott
|-heal|p1a: Whimsicott|129/238|[silent]
|upkeep
|turn|5
|
|t:|1772745563
|switch|p1a: Raging Bolt|Raging Bolt, L78|323/323
|move|p2a: Masquerain|Bug Buzz|p1a: Raging Bolt
|-crit|p1a: Raging Bolt
|-damage|p1a: Raging Bolt|146/323
|-unboost|p1a: Raging Bolt|spd|1
|
|-heal|p1a: Raging Bolt|166/323|[from] item: Leftovers
|-damage|p2a: Masquerain|198/264|[from] Leech Seed|[of] p1a: Raging Bolt
|-heal|p1a: Raging Bolt|199/323|[silent]
|upkeep
|turn|6
|
|t:|1772745567
|switch|p2a: Comfey|Comfey, L85, F|225/225
|move|p1a: Raging Bolt|Thunderclap||[still]
|-fail|p1a: Raging Bolt
|
|-heal|p1a: Raging Bolt|219/323|[from] item: Leftovers
|upkeep
|turn|7
|
|t:|1772745574
|-end|p1a: Raging Bolt|Protosynthesis|[silent]
|switch|p1a: Duraludon|Duraludon, L82, F|249/249
|move|p2a: Comfey|Calm Mind|p2a: Comfey
|-boost|p2a: Comfey|spa|1
|-boost|p2a: Comfey|spd|1
|
|upkeep
|turn|8
|
|t:|1772745579
|-terastallize|p2a: Comfey|Poison
|move|p2a: Comfey|Calm Mind|p2a: Comfey
|-boost|p2a: Comfey|spa|1
|-boost|p2a: Comfey|spd|1
|move|p1a: Duraludon|Thunder Wave|p2a: Comfey
|-status|p2a: Comfey|par
|
|upkeep
|turn|9
|
|t:|1772745587
|move|p1a: Duraludon|Flash Cannon|p2a: Comfey
|-damage|p2a: Comfey|188/225 par
|move|p2a: Comfey|Calm Mind|p2a: Comfey
|-boost|p2a: Comfey|spa|1
|-boost|p2a: Comfey|spd|1
|
|-heal|p2a: Comfey|202/225 par|[from] item: Leftovers
|upkeep
|turn|10
|
|t:|1772745595
|move|p1a: Duraludon|Body Press|p2a: Comfey
|-resisted|p2a: Comfey
|-damage|p2a: Comfey|171/225 par
|cant|p2a: Comfey|par
|
|-heal|p2a: Comfey|185/225 par|[from] item: Leftovers
|upkeep
|turn|11
|
|t:|1772745600
|move|p1a: Duraludon|Flash Cannon|p2a: Comfey
|-damage|p2a: Comfey|155/225 par
|move|p2a: Comfey|Calm Mind|p2a: Comfey
|-boost|p2a: Comfey|spa|1
|-boost|p2a: Comfey|spd|1
|
|-heal|p2a: Comfey|169/225 par|[from] item: Leftovers
|upkeep
|turn|12
|
|t:|1772745604
|move|p1a: Duraludon|Flash Cannon|p2a: Comfey
|-damage|p2a: Comfey|142/225 par
|move|p2a: Comfey|Calm Mind|p2a: Comfey
|-boost|p2a: Comfey|spa|1
|-boost|p2a: Comfey|spd|1
|
|-heal|p2a: Comfey|156/225 par|[from] item: Leftovers
|upkeep
|turn|13
|
|t:|1772745607
|move|p1a: Duraludon|Flash Cannon|p2a: Comfey
|-damage|p2a: Comfey|129/225 par
|move|p2a: Comfey|Calm Mind|p2a: Comfey
|-boost|p2a: Comfey|spa|1
|-boost|p2a: Comfey|spd|1
|
|-heal|p2a: Comfey|143/225 par|[from] item: Leftovers
|upkeep
|turn|14
|
|t:|1772745615
|move|p2a: Comfey|Draining Kiss|p1a: Duraludon
|-damage|p1a: Duraludon|54/249
|-heal|p2a: Comfey|225/225 par|[from] drain|[of] p1a: Duraludon
|move|p1a: Duraludon|Flash Cannon|p2a: Comfey
|-damage|p2a: Comfey|204/225 par
|
|-heal|p2a: Comfey|218/225 par|[from] item: Leftovers
|upkeep
|turn|15
|
|t:|1772745623
|move|p2a: Comfey|Draining Kiss|p1a: Duraludon
|-damage|p1a: Duraludon|0 fnt
|-heal|p2a: Comfey|225/225 par|[from] drain|[of] p1a: Duraludon
|faint|p1a: Duraludon
|
|upkeep
|
|t:|1772745627
|switch|p1a: Bisharp|Bisharp, L79, M|232/232
|turn|16
|
|t:|1772745632
|move|p2a: Comfey|Draining Kiss|p1a: Bisharp
|-damage|p1a: Bisharp|73/232
|move|p1a: Bisharp|Iron Head|p2a: Comfey
|-damage|p2a: Comfey|140/225 par
|
|-heal|p2a: Comfey|154/225 par|[from] item: Leftovers
|upkeep
|turn|17
|
|t:|1772745639
|cant|p2a: Comfey|par
|move|p1a: Bisharp|Sucker Punch||[still]
|-fail|p1a: Bisharp
|
|-heal|p2a: Comfey|168/225 par|[from] item: Leftovers
|upkeep
|turn|18
|
|t:|1772745644
|move|p2a: Comfey|Draining Kiss|p1a: Bisharp
|-damage|p1a: Bisharp|0 fnt
|-heal|p2a: Comfey|223/225 par|[from] drain|[of] p1a: Bisharp
|faint|p1a: Bisharp
|
|-heal|p2a: Comfey|225/225 par|[from] item: Leftovers
|upkeep
|
|t:|1772745649
|switch|p1a: Froslass|Froslass, L87, F|263/263
|turn|19
|
|t:|1772745654
|move|p2a: Comfey|Draining Kiss|p1a: Froslass
|-damage|p1a: Froslass|44/263
|move|p1a: Froslass|Destiny Bond|p1a: Froslass
|-singlemove|p1a: Froslass|Destiny Bond
|
|upkeep
|turn|20
|
|t:|1772745662
|move|p1a: Froslass|Triple Axel|p2a: Comfey
|-damage|p2a: Comfey|206/225 par
|-damage|p2a: Comfey|167/225 par
|-damage|p2a: Comfey|110/225 par
|-hitcount|p2a: Comfey|3
|cant|p2a: Comfey|par
|
|-heal|p2a: Comfey|124/225 par|[from] item: Leftovers
|upkeep
|turn|21
|
|t:|1772745670
|move|p2a: Comfey|Draining Kiss|p1a: Froslass
|-damage|p1a: Froslass|0 fnt
|-heal|p2a: Comfey|157/225 par|[from] drain|[of] p1a: Froslass
|faint|p1a: Froslass
|
|-heal|p2a: Comfey|171/225 par|[from] item: Leftovers
|upkeep
|
|t:|1772745675
|switch|p1a: Braviary|Braviary, L85, M|309/309
|turn|22
|
|t:|1772745677
|cant|p2a: Comfey|par
|move|p1a: Braviary|Brave Bird|p2a: Comfey
|-damage|p2a: Comfey|21/225 par
|-damage|p1a: Braviary|259/309|[from] Recoil
|
|-heal|p2a: Comfey|35/225 par|[from] item: Leftovers
|upkeep
|turn|23
|
|t:|1772745682
|cant|p2a: Comfey|par
|move|p1a: Braviary|Brave Bird|p2a: Comfey
|-damage|p2a: Comfey|0 fnt
|faint|p2a: Comfey
|-damage|p1a: Braviary|247/309|[from] Recoil
|
|upkeep
|
|t:|1772745690
|switch|p2a: Porygon2|Porygon2, L81|270/270
|-ability|p2a: Porygon2|Download|boost
|-boost|p2a: Porygon2|spa|1
|turn|24
|
|t:|1772745697
|move|p1a: Braviary|Bulk Up|p1a: Braviary
|-boost|p1a: Braviary|atk|1
|-boost|p1a: Braviary|def|1
|move|p2a: Porygon2|Tera Blast|p1a: Braviary
|-damage|p1a: Braviary|109/309
|
|upkeep
|turn|25
|
|t:|1772745700
|move|p1a: Braviary|Close Combat|p2a: Porygon2
|-supereffective|p2a: Porygon2
|-damage|p2a: Porygon2|58/270
|-unboost|p1a: Braviary|def|1
|-unboost|p1a: Braviary|spd|1
|move|p2a: Porygon2|Tera Blast|p1a: Braviary
|-damage|p1a: Braviary|0 fnt
|faint|p1a: Braviary
|
|upkeep
|
|t:|1772745704
|switch|p1a: Raging Bolt|Raging Bolt, L78|219/323
|turn|26
|
|t:|1772745707
|move|p1a: Raging Bolt|Calm Mind|p1a: Raging Bolt
|-boost|p1a: Raging Bolt|spa|1
|-boost|p1a: Raging Bolt|spd|1
|move|p2a: Porygon2|Recover|p2a: Porygon2
|-heal|p2a: Porygon2|193/270
|
|-heal|p1a: Raging Bolt|239/323|[from] item: Leftovers
|upkeep
|turn|27
|
|t:|1772745710
|move|p1a: Raging Bolt|Calm Mind|p1a: Raging Bolt
|-boost|p1a: Raging Bolt|spa|1
|-boost|p1a: Raging Bolt|spd|1
|move|p2a: Porygon2|Tera Blast|p1a: Raging Bolt
|-damage|p1a: Raging Bolt|167/323
|
|-heal|p1a: Raging Bolt|187/323|[from] item: Leftovers
|upkeep
|turn|28
|
|t:|1772745720
|switch|p2a: Diancie|Diancie, L82|216/216
|move|p1a: Raging Bolt|Calm Mind|p1a: Raging Bolt
|-boost|p1a: Raging Bolt|spa|1
|-boost|p1a: Raging Bolt|spd|1
|
|-heal|p1a: Raging Bolt|207/323|[from] item: Leftovers
|upkeep
|turn|29
|
|t:|1772745726
|-terastallize|p1a: Raging Bolt|Fairy
|move|p1a: Raging Bolt|Thunderbolt|p2a: Diancie
|-damage|p2a: Diancie|29/216
|move|p2a: Diancie|Calm Mind|p2a: Diancie
|-boost|p2a: Diancie|spa|1
|-boost|p2a: Diancie|spd|1
|
|-heal|p1a: Raging Bolt|227/323|[from] item: Leftovers
|-heal|p2a: Diancie|42/216|[from] item: Leftovers
|upkeep
|turn|30
|
|t:|1772745733
|move|p1a: Raging Bolt|Thunderbolt|p2a: Diancie
|-damage|p2a: Diancie|0 fnt
|faint|p2a: Diancie
|
|-heal|p1a: Raging Bolt|247/323|[from] item: Leftovers
|upkeep
|
|t:|1772745736
|switch|p2a: Trevenant|Trevenant, L89, F|296/296
|turn|31
|
|t:|1772745741
|move|p1a: Raging Bolt|Thunderbolt|p2a: Trevenant
|-resisted|p2a: Trevenant
|-damage|p2a: Trevenant|162/296
|move|p2a: Trevenant|Poltergeist|p1a: Raging Bolt
|-activate|p1a: Raging Bolt|move: Poltergeist|Leftovers
|-damage|p1a: Raging Bolt|59/323
|-damage|p2a: Trevenant|133/296|[from] item: Life Orb
|
|-heal|p1a: Raging Bolt|79/323|[from] item: Leftovers
|upkeep
|turn|32
|
|t:|1772745758
|move|p1a: Raging Bolt|Thunderbolt|p2a: Trevenant
|-resisted|p2a: Trevenant
|-damage|p2a: Trevenant|0 fnt
|faint|p2a: Trevenant
|
|-heal|p1a: Raging Bolt|99/323|[from] item: Leftovers
|upkeep
|
|t:|1772745766
|switch|p2a: Latios|Latios, L78, M|253/253
|turn|33
|
|t:|1772745772
|move|p2a: Latios|Luster Purge|p1a: Raging Bolt
|-damage|p1a: Raging Bolt|45/323
|-unboost|p1a: Raging Bolt|spd|1
|move|p1a: Raging Bolt|Draco Meteor|p2a: Latios
|-supereffective|p2a: Latios
|-damage|p2a: Latios|0 fnt
|-unboost|p1a: Raging Bolt|spa|2
|faint|p2a: Latios
|
|-heal|p1a: Raging Bolt|65/323|[from] item: Leftovers
|upkeep
|
|t:|1772745782
|switch|p2a: Porygon2|Porygon2, L81|193/270
|-ability|p2a: Porygon2|Download|boost
|-boost|p2a: Porygon2|atk|1
|turn|34
|
|t:|1772745789
|move|p1a: Raging Bolt|Draco Meteor|p2a: Porygon2
|-damage|p2a: Porygon2|33/270
|-unboost|p1a: Raging Bolt|spa|2
|move|p2a: Porygon2|Thunder Wave|p1a: Raging Bolt
|-status|p1a: Raging Bolt|par
|
|-heal|p1a: Raging Bolt|85/323 par|[from] item: Leftovers
|upkeep
|turn|35
|
|t:|1772745795
|move|p2a: Porygon2|Recover|p2a: Porygon2
|-heal|p2a: Porygon2|168/270
|cant|p1a: Raging Bolt|par
|
|-heal|p1a: Raging Bolt|105/323 par|[from] item: Leftovers
|upkeep
|turn|36
|
|t:|1772745798
|move|p2a: Porygon2|Recover|p2a: Porygon2
|-heal|p2a: Porygon2|270/270
|move|p1a: Raging Bolt|Thunderbolt|p2a: Porygon2
|-damage|p2a: Porygon2|221/270
|
|-heal|p1a: Raging Bolt|125/323 par|[from] item: Leftovers
|upkeep
|turn|37
|
|t:|1772745801
|-end|p1a: Raging Bolt|Protosynthesis|[silent]
|switch|p1a: Whimsicott|Whimsicott, L84, M|129/238
|move|p2a: Porygon2|Tera Blast|p1a: Whimsicott
|-damage|p1a: Whimsicott|39/238
|
|-heal|p1a: Whimsicott|53/238|[from] item: Leftovers
|upkeep
|turn|38
|
|t:|1772745806
|move|p1a: Whimsicott|Leech Seed|p2a: Porygon2
|-start|p2a: Porygon2|move: Leech Seed
|move|p2a: Porygon2|Tera Blast|p1a: Whimsicott
|-damage|p1a: Whimsicott|0 fnt
|faint|p1a: Whimsicott
|
|upkeep
|
|t:|1772745809
|switch|p1a: Raging Bolt|Raging Bolt, L78, tera:Fairy|125/323 par
|turn|39
|
|t:|1772745815
|move|p2a: Porygon2|Tera Blast|p1a: Raging Bolt
|-damage|p1a: Raging Bolt|35/323 par
|move|p1a: Raging Bolt|Calm Mind|p1a: Raging Bolt
|-boost|p1a: Raging Bolt|spa|1
|-boost|p1a: Raging Bolt|spd|1
|
|-heal|p1a: Raging Bolt|55/323 par|[from] item: Leftovers
|-damage|p2a: Porygon2|188/270|[from] Leech Seed|[of] p1a: Raging Bolt
|-heal|p1a: Raging Bolt|88/323 par|[silent]
|upkeep
|turn|40
|
|t:|1772745824
|switch|p2a: Masquerain|Masquerain, L87, F|198/264
|-ability|p2a: Masquerain|Intimidate|boost
|-unboost|p1a: Raging Bolt|atk|1
|cant|p1a: Raging Bolt|par
|
|-heal|p1a: Raging Bolt|108/323 par|[from] item: Leftovers
|upkeep
|turn|41
|
|t:|1772745828
|move|p1a: Raging Bolt|Thunderclap|p2a: Masquerain
|-supereffective|p2a: Masquerain
|-damage|p2a: Masquerain|0 fnt
|faint|p2a: Masquerain
|
|-heal|p1a: Raging Bolt|128/323 par|[from] item: Leftovers
|upkeep
|
|t:|1772745830
|switch|p2a: Porygon2|Porygon2, L81|188/270
|-ability|p2a: Porygon2|Download|boost
|-boost|p2a: Porygon2|atk|1
|turn|42
|
|t:|1772745833
|move|p2a: Porygon2|Tera Blast|p1a: Raging Bolt
|-damage|p1a: Raging Bolt|71/323 par
|move|p1a: Raging Bolt|Thunderbolt|p2a: Porygon2
|-damage|p2a: Porygon2|79/270
|
|-heal|p1a: Raging Bolt|91/323 par|[from] item: Leftovers
|upkeep
|turn|43
|
|t:|1772745840
|move|p2a: Porygon2|Recover|p2a: Porygon2
|-heal|p2a: Porygon2|214/270
|cant|p1a: Raging Bolt|par
|
|-heal|p1a: Raging Bolt|111/323 par|[from] item: Leftovers
|upkeep
|turn|44
|
|t:|1772745846
|move|p2a: Porygon2|Tera Blast|p1a: Raging Bolt
|-damage|p1a: Raging Bolt|53/323 par
|move|p1a: Raging Bolt|Thunderbolt|p2a: Porygon2
|-damage|p2a: Porygon2|115/270
|
|-heal|p1a: Raging Bolt|73/323 par|[from] item: Leftovers
|upkeep
|turn|45
|
|t:|1772745853
|move|p2a: Porygon2|Recover|p2a: Porygon2
|-heal|p2a: Porygon2|250/270
|move|p1a: Raging Bolt|Thunderbolt|p2a: Porygon2
|-damage|p2a: Porygon2|145/270
|
|-heal|p1a: Raging Bolt|93/323 par|[from] item: Leftovers
|upkeep
|turn|46
|
|t:|1772745860
|move|p2a: Porygon2|Tera Blast|p1a: Raging Bolt
|-damage|p1a: Raging Bolt|33/323 par
|move|p1a: Raging Bolt|Thunderbolt|p2a: Porygon2
|-damage|p2a: Porygon2|46/270
|
|-heal|p1a: Raging Bolt|53/323 par|[from] item: Leftovers
|upkeep
|turn|47
|
|t:|1772745867
|move|p2a: Porygon2|Recover|p2a: Porygon2
|-heal|p2a: Porygon2|181/270
|move|p1a: Raging Bolt|Thunderbolt|p2a: Porygon2
|-damage|p2a: Porygon2|82/270
|
|-heal|p1a: Raging Bolt|73/323 par|[from] item: Leftovers
|upkeep
|turn|48
|
|t:|1772745872
|move|p2a: Porygon2|Recover|p2a: Porygon2
|-heal|p2a: Porygon2|217/270
|move|p1a: Raging Bolt|Thunderbolt|p2a: Porygon2
|-damage|p2a: Porygon2|117/270
|-status|p2a: Porygon2|par
|
|-heal|p1a: Raging Bolt|93/323 par|[from] item: Leftovers
|upkeep
|turn|49
|
|t:|1772745881
|move|p1a: Raging Bolt|Draco Meteor|p2a: Porygon2
|-damage|p2a: Porygon2|0 fnt
|-unboost|p1a: Raging Bolt|spa|2
|faint|p2a: Porygon2
|
|win|987654321t
|raw|987654321t's rating: 1520 &rarr; <strong>1541</strong><br />(+21 for winning)
|raw|dongurihunter7's rating: 1535 &rarr; <strong>1514</strong><br />(-21 for losing)
|l|☆dongurihunter7
|player|p2|
|c|☆987654321t|YEEEEESSSSS
