|j|☆rocknrollpinhead
|j|☆lechichi
|t:|1772746538
|gametype|singles
|player|p1|rocknrollpinhead|266|1627
|player|p2|lechichi|doctor|1649
|gen|9
|tier|[Gen 9] Random Battle
|rated|
|rule|Species Clause: Limit one of each Pokémon
|rule|HP Percentage Mod: HP is shown in percentages
|rule|Sleep Clause Mod: Limit one foe put to sleep
|rule|Illusion Level Mod: Illusion disguises the Pokémon's true level
|
|t:|1772746538
|teamsize|p1|6
|teamsize|p2|6
|start
|switch|p1a: Lilligant|Lilligant, L86, F|261/261
|switch|p2a: Persian|Persian-Alola, L86, F|252/252
|turn|1
|
|t:|1772746546
|move|p2a: Persian|Nasty Plot|p2a: Persian
|-boost|p2a: Persian|spa|2
|move|p1a: Lilligant|Quiver Dance|p1a: Lilligant
|-boost|p1a: Lilligant|spa|1
|-boost|p1a: Lilligant|spd|1
|-boost|p1a: Lilligant|spe|1
|
|upkeep
|turn|2
|
|t:|1772746570
|switch|p2a: Araquanid|Araquanid, L82, F|246/246
|move|p1a: Lilligant|Sleep Powder|p2a: Araquanid|[miss]
|-miss|p1a: Lilligant|p2a: Araquanid
|
|upkeep
|turn|3
|
|t:|1772746579
|move|p1a: Lilligant|Sleep Powder|p2a: Araquanid|[miss]
|-miss|p1a: Lilligant|p2a: Araquanid
|move|p2a: Araquanid|Leech Life|p1a: Lilligant
|-supereffective|p1a: Lilligant
|-damage|p1a: Lilligant|117/261
|
|upkeep
|turn|4
|c|☆rocknrollpinhead|bruh
|
|t:|1772746588
|move|p1a: Lilligant|Sleep Powder|p2a: Araquanid
|-status|p2a: Araquanid|slp|[from] move: Sleep Powder
|cant|p2a: Araquanid|slp
|
|upkeep
|turn|5
|
|t:|1772746594
|switch|p2a: Emboar|Emboar, L84, M|322/322
|move|p1a: Lilligant|Giga Drain|p2a: Emboar
|-resisted|p2a: Emboar
|-damage|p2a: Emboar|215/322
|-heal|p1a: Lilligant|171/261|[from] drain|[of] p2a: Emboar
|-damage|p1a: Lilligant|145/261|[from] item: Life Orb
|
|-heal|p2a: Emboar|235/322|[from] item: Leftovers
|upkeep
|turn|6
|
|t:|1772746602
|-terastallize|p1a: Lilligant|Rock
|move|p1a: Lilligant|Tera Blast|p2a: Emboar|[anim] Tera Blast Rock
|-damage|p2a: Emboar|17/322
|-damage|p1a: Lilligant|119/261|[from] item: Life Orb
|move|p2a: Emboar|Trailblaze|p1a: Lilligant
|-supereffective|p1a: Lilligant
|-damage|p1a: Lilligant|25/261
|-boost|p2a: Emboar|spe|1
|
|-heal|p2a: Emboar|37/322|[from] item: Leftovers
|upkeep
|turn|7
|
|t:|1772746614
|move|p1a: Lilligant|Giga Drain|p2a: Emboar
|-resisted|p2a: Emboar
|-damage|p2a: Emboar|0 fnt
|-heal|p1a: Lilligant|44/261|[from] drain|[of] p2a: Emboar
|faint|p2a: Emboar
|-damage|p1a: Lilligant|18/261|[from] item: Life Orb
|
|upkeep
|
|t:|1772746637
|switch|p2a: Landorus|Landorus-Therian, L76, M|260/260
|-ability|p2a: Landorus|Intimidate|boost
|-unboost|p1a: Lilligant|atk|1
|turn|8
|
|t:|1772746644
|move|p1a: Lilligant|Giga Drain|p2a: Landorus
|-damage|p2a: Landorus|61/260
|-heal|p1a: Lilligant|118/261|[from] drain|[of] p2a: Landorus
|-damage|p1a: Lilligant|92/261|[from] item: Life Orb
|move|p2a: Landorus|Earthquake|p1a: Lilligant
|-supereffective|p1a: Lilligant
|-damage|p1a: Lilligant|0 fnt
|faint|p1a: Lilligant
|
|-heal|p2a: Landorus|77/260|[from] item: Leftovers
|upkeep
|
|t:|1772746667
|switch|p1a: Drifblim|Drifblim, L86, F|398/398
|turn|9
|
|t:|1772746674
|move|p1a: Drifblim|Air Slash|p2a: Landorus
|-damage|p2a: Landorus|0 fnt
|faint|p2a: Landorus
|
|upkeep
|
|t:|1772746683
|switch|p2a: Garganacl|Garganacl, L80, F|291/291
|turn|10
|
|t:|1772746695
|switch|p1a: Flapple|Flapple, L88, F|266/266
|move|p2a: Garganacl|Salt Cure|p1a: Flapple
|-damage|p1a: Flapple|220/266
|-start|p1a: Flapple|Salt Cure
|
|-damage|p1a: Flapple|187/266|[from] Salt Cure
|upkeep
|turn|11
|
|t:|1772746704
|move|p2a: Garganacl|Protect|p2a: Garganacl
|-singleturn|p2a: Garganacl|Protect
|move|p1a: Flapple|Dragon Dance|p1a: Flapple
|-boost|p1a: Flapple|atk|1
|-boost|p1a: Flapple|spe|1
|
|-damage|p1a: Flapple|154/266|[from] Salt Cure
|upkeep
|turn|12
|
|t:|1772746713
|switch|p2a: Araquanid|Araquanid, L82, F|246/246 slp
|move|p1a: Flapple|Grav Apple|p2a: Araquanid|[miss]
|-miss|p1a: Flapple|p2a: Araquanid
|
|-damage|p1a: Flapple|121/266|[from] Salt Cure
|upkeep
|turn|13
|
|t:|1772746721
|switch|p1a: Drifblim|Drifblim, L86, F|398/398
|-curestatus|p2a: Araquanid|slp|[msg]
|move|p2a: Araquanid|Sticky Web|p1a: Drifblim
|-sidestart|p1: rocknrollpinhead|move: Sticky Web
|
|upkeep
|turn|14
|
|t:|1772746729
|move|p1a: Drifblim|Defog|p2a: Araquanid
|-unboost|p2a: Araquanid|evasion|1
|-sideend|p1: rocknrollpinhead|Sticky Web|[from] move: Defog|[of] p1a: Drifblim
|move|p2a: Araquanid|Liquidation|p1a: Drifblim
|-damage|p1a: Drifblim|179/398
|-unboost|p1a: Drifblim|def|1
|
|upkeep
|turn|15
|
|t:|1772746742
|move|p1a: Drifblim|Strength Sap|p2a: Araquanid
|-unboost|p2a: Araquanid|atk|1
|-heal|p1a: Drifblim|341/398
|move|p2a: Araquanid|Hydro Pump|p1a: Drifblim
|-damage|p1a: Drifblim|140/398
|
|upkeep
|turn|16
|
|t:|1772746753
|switch|p1a: Flapple|Flapple, L88, F|121/266
|move|p2a: Araquanid|Hydro Pump|p1a: Flapple|[miss]
|-miss|p2a: Araquanid|p1a: Flapple
|
|upkeep
|turn|17
|
|t:|1772746770
|move|p1a: Flapple|Grav Apple|p2a: Araquanid
|-damage|p2a: Araquanid|80/246
|-unboost|p2a: Araquanid|def|1
|move|p2a: Araquanid|Hydro Pump|p1a: Flapple
|-resisted|p1a: Flapple
|-damage|p1a: Flapple|78/266
|
|upkeep
|turn|18
|
|t:|1772746779
|move|p1a: Flapple|Grav Apple|p2a: Araquanid
|-damage|p2a: Araquanid|0 fnt
|faint|p2a: Araquanid
|
|upkeep
|
|t:|1772746786
|switch|p2a: Persian|Persian-Alola, L86, F|252/252
|turn|19
|
|t:|1772746792
|switch|p1a: Seviper|Seviper, L93, M|287/287
|move|p2a: Persian|Dark Pulse|p1a: Seviper
|-damage|p1a: Seviper|165/287
|-damage|p2a: Persian|227/252|[from] item: Life Orb
|
|upkeep
|turn|20
|
|t:|1772746804
|move|p2a: Persian|Dark Pulse|p1a: Seviper
|-damage|p1a: Seviper|58/287
|-damage|p2a: Persian|202/252|[from] item: Life Orb
|move|p1a: Seviper|Glare|p2a: Persian
|-status|p2a: Persian|par
|
|upkeep
|turn|21
|
|t:|1772746817
|move|p1a: Seviper|Gunk Shot|p2a: Persian
|-damage|p2a: Persian|73/252 par
|-damage|p1a: Seviper|30/287|[from] item: Life Orb
|move|p2a: Persian|Dark Pulse|p1a: Seviper
|-damage|p1a: Seviper|0 fnt
|faint|p1a: Seviper
|-damage|p2a: Persian|48/252 par|[from] item: Life Orb
|
|upkeep
|
|t:|1772746834
|switch|p1a: Drifblim|Drifblim, L86, F|140/398
|turn|22
|
|t:|1772746840
|move|p1a: Drifblim|Air Slash|p2a: Persian
|-damage|p2a: Persian|0 fnt
|faint|p2a: Persian
|
|upkeep
|
|t:|1772746852
|switch|p2a: Garganacl|Garganacl, L80, F|291/291
|turn|23
|
|t:|1772746857
|move|p1a: Drifblim|Strength Sap|p2a: Garganacl
|-unboost|p2a: Garganacl|atk|1
|-heal|p1a: Drifblim|346/398
|move|p2a: Garganacl|Salt Cure|p1a: Drifblim
|-supereffective|p1a: Drifblim
|-damage|p1a: Drifblim|256/398
|-start|p1a: Drifblim|Salt Cure
|
|-damage|p1a: Drifblim|207/398|[from] Salt Cure
|upkeep
|turn|24
|
|t:|1772746868
|switch|p1a: Banette|Banette, L93, F|270/270
|move|p2a: Garganacl|Salt Cure|p1a: Banette
|-damage|p1a: Banette|239/270
|-start|p1a: Banette|Salt Cure
|-start|p2a: Garganacl|Disable|Salt Cure|[from] ability: Cursed Body|[of] p1a: Banette
|
|-damage|p1a: Banette|206/270|[from] Salt Cure
|upkeep
|turn|25
|
|t:|1772746878
|switch|p2a: Deoxys|Deoxys-Defense, L84|221/221
|-ability|p2a: Deoxys|Pressure
|move|p1a: Banette|Swords Dance|p1a: Banette
|-boost|p1a: Banette|atk|2
|
|-damage|p1a: Banette|173/270|[from] Salt Cure
|upkeep
|turn|26
|
|t:|1772746894
|move|p1a: Banette|Poltergeist|p2a: Deoxys
|-activate|p2a: Deoxys|move: Poltergeist|Leftovers
|-supereffective|p2a: Deoxys
|-damage|p2a: Deoxys|0 fnt
|faint|p2a: Deoxys
|-damage|p1a: Banette|146/270|[from] item: Life Orb
|
|-damage|p1a: Banette|113/270|[from] Salt Cure
|upkeep
|
|t:|1772746909
|switch|p2a: Garganacl|Garganacl, L80, F|291/291
|turn|27
|
|t:|1772746914
|move|p2a: Garganacl|Protect|p2a: Garganacl
|-singleturn|p2a: Garganacl|Protect
|move|p1a: Banette|Poltergeist|p2a: Garganacl
|-activate|p2a: Garganacl|move: Protect
|
|-damage|p1a: Banette|80/270|[from] Salt Cure
|upkeep
|turn|28
|
|t:|1772746923
|switch|p1a: Iron Boulder|Iron Boulder, L77|265/265
|move|p2a: Garganacl|Salt Cure|p1a: Iron Boulder
|-crit|p1a: Iron Boulder
|-damage|p1a: Iron Boulder|196/265
|-start|p1a: Iron Boulder|Salt Cure
|
|-damage|p1a: Iron Boulder|163/265|[from] Salt Cure
|upkeep
|turn|29
|
|t:|1772746933
|move|p1a: Iron Boulder|Swords Dance|p1a: Iron Boulder
|-boost|p1a: Iron Boulder|atk|2
|move|p2a: Garganacl|Body Press|p1a: Iron Boulder
|-damage|p1a: Iron Boulder|83/265
|
|-damage|p1a: Iron Boulder|50/265|[from] Salt Cure
|upkeep
|turn|30
|
|t:|1772746942
|move|p2a: Garganacl|Protect|p2a: Garganacl
|-singleturn|p2a: Garganacl|Protect
|move|p1a: Iron Boulder|Close Combat|p2a: Garganacl
|-activate|p2a: Garganacl|move: Protect
|
|-damage|p1a: Iron Boulder|17/265|[from] Salt Cure
|upkeep
|turn|31
|
|t:|1772746963
|-terastallize|p2a: Garganacl|Ghost
|move|p1a: Iron Boulder|Close Combat|p2a: Garganacl
|-immune|p2a: Garganacl
|move|p2a: Garganacl|Salt Cure|p1a: Iron Boulder
|-damage|p1a: Iron Boulder|0 fnt
|faint|p1a: Iron Boulder
|-end|p1a: Iron Boulder|Quark Drive|[silent]
|
|upkeep
|
|t:|1772746974
|switch|p1a: Drifblim|Drifblim, L86, F|207/398
|turn|32
|
|t:|1772746980
|move|p1a: Drifblim|Shadow Ball|p2a: Garganacl
|-supereffective|p2a: Garganacl
|-damage|p2a: Garganacl|199/291
|move|p2a: Garganacl|Salt Cure|p1a: Drifblim
|-supereffective|p1a: Drifblim
|-damage|p1a: Drifblim|81/398
|-start|p1a: Drifblim|Salt Cure
|
|-heal|p2a: Garganacl|217/291|[from] item: Leftovers
|-damage|p1a: Drifblim|32/398|[from] Salt Cure
|upkeep
|turn|33
|
|t:|1772746989
|move|p1a: Drifblim|Strength Sap|p2a: Garganacl
|-unboost|p2a: Garganacl|atk|1
|-heal|p1a: Drifblim|238/398
|move|p2a: Garganacl|Recover|p2a: Garganacl
|-heal|p2a: Garganacl|291/291
|
|-damage|p1a: Drifblim|189/398|[from] Salt Cure
|upkeep
|turn|34
|
|t:|1772746996
|move|p2a: Garganacl|Protect|p2a: Garganacl
|-singleturn|p2a: Garganacl|Protect
|move|p1a: Drifblim|Shadow Ball|p2a: Garganacl
|-activate|p2a: Garganacl|move: Protect
|
|-damage|p1a: Drifblim|140/398|[from] Salt Cure
|upkeep
|turn|35
|
|t:|1772747003
|switch|p1a: Flapple|Flapple, L88, F|78/266
|move|p2a: Garganacl|Salt Cure|p1a: Flapple
|-damage|p1a: Flapple|51/266
|-start|p1a: Flapple|Salt Cure
|
|-damage|p1a: Flapple|18/266|[from] Salt Cure
|upkeep
|turn|36
|
|t:|1772747011
|move|p2a: Garganacl|Protect|p2a: Garganacl
|-singleturn|p2a: Garganacl|Protect
|move|p1a: Flapple|Grav Apple|p2a: Garganacl
|-activate|p2a: Garganacl|move: Protect
|
|-damage|p1a: Flapple|0 fnt|[from] Salt Cure
|faint|p1a: Flapple
|upkeep
|
|t:|1772747015
|switch|p1a: Banette|Banette, L93, F|80/270
|turn|37
|
|t:|1772747021
|move|p1a: Banette|Poltergeist|p2a: Garganacl
|-activate|p2a: Garganacl|move: Poltergeist|Leftovers
|-supereffective|p2a: Garganacl
|-damage|p2a: Garganacl|135/291
|-damage|p1a: Banette|53/270|[from] item: Life Orb
|move|p2a: Garganacl|Salt Cure|p1a: Banette
|-damage|p1a: Banette|22/270
|-start|p1a: Banette|Salt Cure
|
|-heal|p2a: Garganacl|153/291|[from] item: Leftovers
|-damage|p1a: Banette|0 fnt|[from] Salt Cure
|faint|p1a: Banette
|upkeep
|
|t:|1772747027
|switch|p1a: Drifblim|Drifblim, L86, F|140/398
|turn|38
|
|t:|1772747040
|move|p2a: Garganacl|Protect|p2a: Garganacl
|-singleturn|p2a: Garganacl|Protect
|move|p1a: Drifblim|Strength Sap|p2a: Garganacl
|-activate|p2a: Garganacl|move: Protect
|
|-heal|p2a: Garganacl|171/291|[from] item: Leftovers
|upkeep
|turn|39
|
|t:|1772747050
|move|p1a: Drifblim|Shadow Ball|p2a: Garganacl
|-supereffective|p2a: Garganacl
|-damage|p2a: Garganacl|79/291
|move|p2a: Garganacl|Salt Cure|p1a: Drifblim
|-supereffective|p1a: Drifblim
|-damage|p1a: Drifblim|62/398
|-start|p1a: Drifblim|Salt Cure
|
|-heal|p2a: Garganacl|97/291|[from] item: Leftovers
|-damage|p1a: Drifblim|13/398|[from] Salt Cure
|upkeep
|turn|40
|
|t:|1772747059
|move|p2a: Garganacl|Protect|p2a: Garganacl
|-singleturn|p2a: Garganacl|Protect
|move|p1a: Drifblim|Strength Sap|p2a: Garganacl
|-activate|p2a: Garganacl|move: Protect
|
|-heal|p2a: Garganacl|115/291|[from] item: Leftovers
|-damage|p1a: Drifblim|0 fnt|[from] Salt Cure
|faint|p1a: Drifblim
|
|win|lechichi
|raw|rocknrollpinhead's rating: 1627 &rarr; <strong>1608</strong><br />(-19 for losing)
|raw|lechichi's rating: 1649 &rarr; <strong>1668</strong><br />(+19 for winning)
|l|☆rocknrollpinhead
|player|p1|
