|j|☆jeckoten
|j|☆mjmoither
|t:|1772751904
|gametype|singles
|player|p1|jeckoten|supernerd|1410
|player|p2|mjmoither|265|1408
|gen|9
|tier|[Gen 9] Random Battle
|rated|
|rule|Species Clause: Limit one of each Pokémon
|rule|HP Percentage Mod: HP is shown in percentages
|rule|Sleep Clause Mod: Limit one foe put to sleep
|rule|Illusion Level Mod: Illusion disguises the Pokémon's true level
|
|t:|1772751904
|teamsize|p1|6
|teamsize|p2|6
|start
|switch|p1a: Weavile|Weavile, L79, M|239/239
|switch|p2a: Grimmsnarl|Grimmsnarl, L83, M|293/293
|turn|1
|inactive|Battle timer is ON: inactive players will automatically lose when time's up. (requested by mjmoither)
|
|t:|1772751929
|switch|p1a: Empoleon|Empoleon, L84, M|278/278
|move|p2a: Grimmsnarl|Spirit Break|p1a: Empoleon
|-resisted|p1a: Empoleon
|-damage|p1a: Empoleon|230/278
|-unboost|p1a: Empoleon|spa|1
|-ability|p1a: Empoleon|Competitive|boost
|-boost|p1a: Empoleon|spa|2
|
|-heal|p1a: Empoleon|247/278|[from] item: Leftovers
|upkeep
|turn|2
|
|t:|1772751957
|move|p2a: Grimmsnarl|Light Screen|p2a: Grimmsnarl
|-sidestart|p2: mjmoither|move: Light Screen
|move|p1a: Empoleon|Surf|p2a: Grimmsnarl
|-crit|p2a: Grimmsnarl
|-damage|p2a: Grimmsnarl|34/293
|
|-heal|p1a: Empoleon|264/278|[from] item: Leftovers
|upkeep
|turn|3
|c|☆mjmoither|ofc
|
|t:|1772751966
|switch|p1a: Weavile|Weavile, L79, M|239/239
|move|p2a: Grimmsnarl|Reflect|p2a: Grimmsnarl
|-sidestart|p2: mjmoither|Reflect
|
|upkeep
|turn|4
|
|t:|1772751973
|move|p1a: Weavile|Low Kick|p2a: Grimmsnarl
|-damage|p2a: Grimmsnarl|0 fnt
|faint|p2a: Grimmsnarl
|
|upkeep
|
|t:|1772751977
|switch|p2a: Florges|Florges-Blue, L85, F|271/271
|turn|5
|
|t:|1772751991
|switch|p1a: Empoleon|Empoleon, L84, M|264/278
|move|p2a: Florges|Calm Mind|p2a: Florges
|-boost|p2a: Florges|spa|1
|-boost|p2a: Florges|spd|1
|
|-heal|p1a: Empoleon|278/278|[from] item: Leftovers
|upkeep
|turn|6
|
|t:|1772751998
|move|p2a: Florges|Calm Mind|p2a: Florges
|-boost|p2a: Florges|spa|1
|-boost|p2a: Florges|spd|1
|move|p1a: Empoleon|Roar|p2a: Florges
|drag|p2a: Hawlucha|Hawlucha, L80, F|256/256
|
|upkeep
|turn|7
|
|t:|1772752011
|switch|p1a: Alcremie|Alcremie-Lemon-Cream, L90, F|263/263
|move|p2a: Hawlucha|Close Combat|p1a: Alcremie
|-resisted|p1a: Alcremie
|-damage|p1a: Alcremie|201/263
|-unboost|p2a: Hawlucha|def|1
|-unboost|p2a: Hawlucha|spd|1
|-enditem|p2a: Hawlucha|White Herb
|-clearnegativeboost|p2a: Hawlucha|[silent]
|
|-heal|p1a: Alcremie|217/263|[from] item: Leftovers
|upkeep
|turn|8
|
|t:|1772752021
|move|p2a: Hawlucha|Swords Dance|p2a: Hawlucha
|-boost|p2a: Hawlucha|atk|2
|move|p1a: Alcremie|Psychic|p2a: Hawlucha
|-supereffective|p2a: Hawlucha
|-damage|p2a: Hawlucha|156/256
|
|-heal|p1a: Alcremie|233/263|[from] item: Leftovers
|upkeep
|turn|9
|
|t:|1772752029
|move|p2a: Hawlucha|Brave Bird|p1a: Alcremie
|-damage|p1a: Alcremie|4/263
|-damage|p2a: Hawlucha|80/256|[from] Recoil
|move|p1a: Alcremie|Alluring Voice|p2a: Hawlucha
|-supereffective|p2a: Hawlucha
|-damage|p2a: Hawlucha|0 fnt
|faint|p2a: Hawlucha
|
|-heal|p1a: Alcremie|20/263|[from] item: Leftovers
|-sideend|p2: mjmoither|move: Light Screen
|upkeep
|
|t:|1772752034
|switch|p2a: Iron Crown|Iron Crown, L78|268/268
|turn|10
|
|t:|1772752043
|move|p2a: Iron Crown|Volt Switch|p1a: Alcremie
|-damage|p1a: Alcremie|0 fnt
|faint|p1a: Alcremie
|
|t:|1772752052
|-end|p2a: Iron Crown|Quark Drive|[silent]
|switch|p2a: Florges|Florges-Blue, L85, F|271/271|[from] Volt Switch
|
|-sideend|p2: mjmoither|Reflect
|upkeep
|
|t:|1772752061
|switch|p1a: Scizor|Scizor, L79, M|240/240
|turn|11
|
|t:|1772752071
|switch|p2a: Annihilape|Annihilape, L76, M|292/292
|move|p1a: Scizor|Knock Off|p2a: Annihilape
|-damage|p2a: Annihilape|207/292
|-enditem|p2a: Annihilape|Chesto Berry|[from] move: Knock Off|[of] p1a: Scizor
|
|upkeep
|turn|12
|
|t:|1772752095
|move|p2a: Annihilape|Bulk Up|p2a: Annihilape
|-boost|p2a: Annihilape|atk|1
|-boost|p2a: Annihilape|def|1
|move|p1a: Scizor|U-turn|p2a: Annihilape
|-resisted|p2a: Annihilape
|-damage|p2a: Annihilape|191/292
|
|t:|1772752105
|switch|p1a: Empoleon|Empoleon, L84, M|278/278|[from] U-turn
|
|upkeep
|turn|13
|
|t:|1772752108
|-terastallize|p1a: Empoleon|Grass
|move|p2a: Annihilape|Drain Punch|p1a: Empoleon
|-damage|p1a: Empoleon|167/278
|-heal|p2a: Annihilape|247/292|[from] drain|[of] p1a: Empoleon
|move|p1a: Empoleon|Roar|p2a: Annihilape
|drag|p2a: Florges|Florges-Blue, L85, F|271/271
|
|-heal|p1a: Empoleon|184/278|[from] item: Leftovers
|upkeep
|turn|14
|
|t:|1772752115
|move|p2a: Florges|Wish|p2a: Florges
|move|p1a: Empoleon|Roost|p1a: Empoleon
|-heal|p1a: Empoleon|278/278
|
|upkeep
|turn|15
|
|t:|1772752118
|switch|p2a: Annihilape|Annihilape, L76, M|247/292
|move|p1a: Empoleon|Surf|p2a: Annihilape
|-damage|p2a: Annihilape|138/292
|
|-heal|p2a: Annihilape|273/292|[from] move: Wish|[wisher] Florges
|upkeep
|turn|16
|
|t:|1772752123
|move|p2a: Annihilape|Rage Fist|p1a: Empoleon
|-damage|p1a: Empoleon|94/278
|move|p1a: Empoleon|Roar|p2a: Annihilape
|drag|p2a: Iron Crown|Iron Crown, L78|268/268
|
|-heal|p1a: Empoleon|111/278|[from] item: Leftovers
|upkeep
|turn|17
|
|t:|1772752130
|move|p2a: Iron Crown|Tachyon Cutter|p1a: Empoleon
|-damage|p1a: Empoleon|29/278
|-damage|p1a: Empoleon|0 fnt
|faint|p1a: Empoleon
|-hitcount|p1: Empoleon|2
|
|upkeep
|
|t:|1772752137
|switch|p1a: Weavile|Weavile, L79, M|239/239
|turn|18
|
|t:|1772752141
|-end|p2a: Iron Crown|Quark Drive|[silent]
|switch|p2a: Florges|Florges-Blue, L85, F|271/271
|move|p1a: Weavile|Knock Off|p2a: Florges
|-resisted|p2a: Florges
|-damage|p2a: Florges|172/271
|-enditem|p2a: Florges|Leftovers|[from] move: Knock Off|[of] p1a: Weavile
|
|upkeep
|turn|19
|
|t:|1772752147
|switch|p1a: Scizor|Scizor, L79, M|240/240
|move|p2a: Florges|Wish|p2a: Florges
|
|upkeep
|turn|20
|
|t:|1772752151
|switch|p2a: Annihilape|Annihilape, L76, M|273/292
|move|p1a: Scizor|U-turn|p2a: Annihilape
|-resisted|p2a: Annihilape
|-damage|p2a: Annihilape|250/292
|
|t:|1772752159
|switch|p1a: Gastrodon|Gastrodon-East, L86, M|331/331|[from] U-turn
|
|-heal|p2a: Annihilape|292/292|[from] move: Wish|[wisher] Florges
|upkeep
|turn|21
|
|t:|1772752162
|move|p2a: Annihilape|Rage Fist|p1a: Gastrodon
|-damage|p1a: Gastrodon|39/331
|move|p1a: Gastrodon|Stealth Rock|p2a: Annihilape
|-sidestart|p2: mjmoither|move: Stealth Rock
|
|-heal|p1a: Gastrodon|59/331|[from] item: Leftovers
|upkeep
|turn|22
|
|t:|1772752171
|move|p2a: Annihilape|Drain Punch|p1a: Gastrodon
|-damage|p1a: Gastrodon|0 fnt
|faint|p1a: Gastrodon
|
|upkeep
|
|t:|1772752177
|switch|p1a: Koraidon|Koraidon, L64|235/235
|-weather|SunnyDay|[from] ability: Orichalcum Pulse|[of] p1a: Koraidon
|-activate|p1a: Koraidon|Orichalcum Pulse|[source]
|turn|23
|
|t:|1772752183
|move|p1a: Koraidon|Flare Blitz|p2a: Annihilape
|-damage|p2a: Annihilape|81/292
|-damage|p1a: Koraidon|165/235|[from] Recoil
|move|p2a: Annihilape|Rage Fist|p1a: Koraidon
|-damage|p1a: Koraidon|0 fnt
|faint|p1a: Koraidon
|
|-weather|SunnyDay|[upkeep]
|upkeep
|
|t:|1772752189
|switch|p1a: Weavile|Weavile, L79, M|239/239
|turn|24
|
|t:|1772752194
|move|p1a: Weavile|Triple Axel|p2a: Annihilape
|-damage|p2a: Annihilape|45/292
|-damage|p2a: Annihilape|0 fnt
|faint|p2a: Annihilape
|-hitcount|p2: Annihilape|2
|
|-weather|SunnyDay|[upkeep]
|upkeep
|
|t:|1772752206
|switch|p2a: Cinccino|Cinccino, L83, F|260/260
|-damage|p2a: Cinccino|228/260|[from] Stealth Rock
|turn|25
|
|t:|1772752213
|move|p1a: Weavile|Triple Axel|p2a: Cinccino
|-damage|p2a: Cinccino|186/260
|-damage|p2a: Cinccino|104/260
|-damage|p2a: Cinccino|0 fnt
|faint|p2a: Cinccino
|-hitcount|p2: Cinccino|3
|
|-weather|SunnyDay|[upkeep]
|upkeep
|
|t:|1772752219
|switch|p2a: Florges|Florges-Blue, L85, F|172/271
|-damage|p2a: Florges|139/271|[from] Stealth Rock
|turn|26
|
|t:|1772752222
|move|p1a: Weavile|Triple Axel|p2a: Florges
|-damage|p2a: Florges|99/271
|-damage|p2a: Florges|26/271
|-hitcount|p2a: Florges|2
|move|p2a: Florges|Wish|p2a: Florges
|
|-weather|SunnyDay|[upkeep]
|upkeep
|turn|27
|
|t:|1772752230
|switch|p1a: Scizor|Scizor, L79, M|240/240
|move|p2a: Florges|Protect||[still]
|-fail|p2a: Florges
|
|-weather|none
|-heal|p2a: Florges|161/271|[from] move: Wish|[wisher] Florges
|upkeep
|turn|28
|
|t:|1772752235
|move|p1a: Scizor|Bullet Punch|p2a: Florges
|-supereffective|p2a: Florges
|-damage|p2a: Florges|3/271
|move|p2a: Florges|Moonblast|p1a: Scizor
|-resisted|p1a: Scizor
|-damage|p1a: Scizor|173/240
|
|-heal|p1a: Scizor|188/240|[from] item: Leftovers
|upkeep
|turn|29
|
|t:|1772752245
|move|p1a: Scizor|Bullet Punch|p2a: Florges
|-supereffective|p2a: Florges
|-damage|p2a: Florges|0 fnt
|faint|p2a: Florges
|
|-heal|p1a: Scizor|203/240|[from] item: Leftovers
|upkeep
|
|t:|1772752247
|switch|p2a: Iron Crown|Iron Crown, L78|268/268
|-damage|p2a: Iron Crown|252/268|[from] Stealth Rock
|turn|30
|
|t:|1772752252
|-terastallize|p2a: Iron Crown|Steel
|move|p2a: Iron Crown|Tachyon Cutter|p1a: Scizor
|-resisted|p1a: Scizor
|-damage|p1a: Scizor|143/240
|-resisted|p1a: Scizor
|-damage|p1a: Scizor|84/240
|-hitcount|p1a: Scizor|2
|move|p1a: Scizor|Knock Off|p2a: Iron Crown
|-crit|p2a: Iron Crown
|-damage|p2a: Iron Crown|148/268
|-enditem|p2a: Iron Crown|Choice Specs|[from] move: Knock Off|[of] p1a: Scizor
|
|-heal|p1a: Scizor|99/240|[from] item: Leftovers
|upkeep
|turn|31
|c|☆mjmoither|ofc
|
|t:|1772752264
|move|p1a: Scizor|Bullet Punch|p2a: Iron Crown
|-resisted|p2a: Iron Crown
|-damage|p2a: Iron Crown|112/268
|move|p2a: Iron Crown|Tachyon Cutter|p1a: Scizor
|-resisted|p1a: Scizor
|-damage|p1a: Scizor|58/240
|-resisted|p1a: Scizor
|-damage|p1a: Scizor|15/240
|-hitcount|p1a: Scizor|2
|
|-heal|p1a: Scizor|30/240|[from] item: Leftovers
|upkeep
|turn|32
|c|☆mjmoither|how many crits...
|-message|mjmoither forfeited.
|
|win|jeckoten
|raw|jeckoten's rating: 1410 &rarr; <strong>1430</strong><br />(+20 for winning)
|raw|mjmoither's rating: 1408 &rarr; <strong>1388</strong><br />(-20 for losing)
|l|☆mjmoither
|player|p2|
