|j|☆ghastly bidoof
|j|☆Lollo200019
|t:|1776972852
|gametype|singles
|player|p1|ghastly bidoof|lucas-gen4pt|1324
|player|p2|Lollo200019|drayden|1327
|gen|9
|tier|[Gen 9] Random Battle
|rated|
|rule|Species Clause: Limit one of each Pokémon
|rule|HP Percentage Mod: HP is shown in percentages
|rule|Sleep Clause Mod: Limit one foe put to sleep
|rule|Illusion Level Mod: Illusion disguises the Pokémon's true level
|
|t:|1776972852
|teamsize|p1|6
|teamsize|p2|6
|start
|switch|p1a: Ogerpon|Ogerpon, L80, F|259/259
|switch|p2a: Bruxish|Bruxish, L85, F|254/254
|turn|1
|
|t:|1776972895
|switch|p2a: Uxie|Uxie, L83|260/260
|move|p1a: Ogerpon|Knock Off|p2a: Uxie
|-supereffective|p2a: Uxie
|-damage|p2a: Uxie|104/260
|-enditem|p2a: Uxie|Leftovers|[from] move: Knock Off|[of] p1a: Ogerpon
|-damage|p1a: Ogerpon|234/259|[from] item: Life Orb
|
|upkeep
|turn|2
|
|t:|1776972911
|move|p1a: Ogerpon|Ivy Cudgel|p2a: Uxie
|-damage|p2a: Uxie|0 fnt
|faint|p2a: Uxie
|-damage|p1a: Ogerpon|209/259|[from] item: Life Orb
|
|upkeep
|
|t:|1776972927
|switch|p2a: Greedent|Greedent, L86, M|347/347
|turn|3
|
|t:|1776972937
|move|p1a: Ogerpon|Swords Dance|p1a: Ogerpon
|-boost|p1a: Ogerpon|atk|2
|move|p2a: Greedent|Body Slam|p1a: Ogerpon
|-damage|p1a: Ogerpon|110/259
|
|upkeep
|turn|4
|inactive|Battle timer is ON: inactive players will automatically lose when time's up. (requested by ghastly bidoof)
|
|t:|1776972946
|move|p1a: Ogerpon|Superpower|p2a: Greedent
|-supereffective|p2a: Greedent
|-damage|p2a: Greedent|0 fnt
|-unboost|p1a: Ogerpon|atk|1
|-unboost|p1a: Ogerpon|def|1
|faint|p2a: Greedent
|-damage|p1a: Ogerpon|85/259|[from] item: Life Orb
|
|upkeep
|
|t:|1776972951
|switch|p2a: Cryogonal|Cryogonal, L89|287/287
|turn|5
|inactive|ghastly bidoof has 120 seconds left.
|
|t:|1776972988
|switch|p1a: Solgaleo|Solgaleo, L74|325/325
|move|p2a: Cryogonal|Ice Beam|p1a: Solgaleo
|-resisted|p1a: Solgaleo
|-damage|p1a: Solgaleo|267/325
|
|-heal|p1a: Solgaleo|287/325|[from] item: Leftovers
|upkeep
|turn|6
|inactive|ghastly bidoof has 120 seconds left.
|
|t:|1776973014
|switch|p2a: Bruxish|Bruxish, L85, F|254/254
|move|p1a: Solgaleo|Knock Off|p2a: Bruxish
|-supereffective|p2a: Bruxish
|-damage|p2a: Bruxish|76/254
|-enditem|p2a: Bruxish|Life Orb|[from] move: Knock Off|[of] p1a: Solgaleo
|
|-heal|p1a: Solgaleo|307/325|[from] item: Leftovers
|upkeep
|turn|7
|
|t:|1776973029
|move|p2a: Bruxish|Crunch|p1a: Solgaleo
|-supereffective|p1a: Solgaleo
|-damage|p1a: Solgaleo|137/325
|move|p1a: Solgaleo|Knock Off|p2a: Bruxish
|-supereffective|p2a: Bruxish
|-damage|p2a: Bruxish|0 fnt
|faint|p2a: Bruxish
|
|-heal|p1a: Solgaleo|157/325|[from] item: Leftovers
|upkeep
|
|t:|1776973036
|switch|p2a: Electivire|Electivire, L84, F|263/263
|turn|8
|
|t:|1776973045
|move|p2a: Electivire|Earthquake|p1a: Solgaleo
|-supereffective|p1a: Solgaleo
|-damage|p1a: Solgaleo|0 fnt
|faint|p1a: Solgaleo
|-damage|p2a: Electivire|237/263|[from] item: Life Orb
|
|upkeep
|
|t:|1776973066
|switch|p1a: Muk|Muk-Alola, L82, F|306/306
|turn|9
|inactive|ghastly bidoof has 90 seconds left.
|
|t:|1776973099
|move|p2a: Electivire|Earthquake|p1a: Muk
|-supereffective|p1a: Muk
|-damage|p1a: Muk|54/306
|-damage|p2a: Electivire|211/263|[from] item: Life Orb
|move|p1a: Muk|Knock Off|p2a: Electivire
|-crit|p2a: Electivire
|-damage|p2a: Electivire|39/263
|-enditem|p2a: Electivire|Life Orb|[from] move: Knock Off|[of] p1a: Muk
|
|upkeep
|turn|10
|
|t:|1776973108
|move|p2a: Electivire|Earthquake|p1a: Muk
|-supereffective|p1a: Muk
|-damage|p1a: Muk|0 fnt
|faint|p1a: Muk
|
|upkeep
|
|t:|1776973118
|switch|p1a: Ogerpon|Ogerpon, L80, F|85/259
|turn|11
|
|t:|1776973125
|move|p1a: Ogerpon|Ivy Cudgel|p2a: Electivire
|-damage|p2a: Electivire|0 fnt
|faint|p2a: Electivire
|-damage|p1a: Ogerpon|60/259|[from] item: Life Orb
|
|upkeep
|
|t:|1776973128
|switch|p2a: Cryogonal|Cryogonal, L89|287/287
|turn|12
|
|t:|1776973139
|switch|p1a: Primarina|Primarina, L83, M|268/268
|move|p2a: Cryogonal|Ice Beam|p1a: Primarina
|-resisted|p1a: Primarina
|-damage|p1a: Primarina|227/268
|
|-heal|p1a: Primarina|243/268|[from] item: Leftovers
|upkeep
|turn|13
|inactive|Lollo200019 has 120 seconds left.
|
|t:|1776973185
|-terastallize|p2a: Cryogonal|Electric
|move|p2a: Cryogonal|Tera Blast|p1a: Primarina|[anim] Tera Blast Electric
|-supereffective|p1a: Primarina
|-damage|p1a: Primarina|103/268
|move|p1a: Primarina|Calm Mind|p1a: Primarina
|-boost|p1a: Primarina|spa|1
|-boost|p1a: Primarina|spd|1
|
|-heal|p1a: Primarina|119/268|[from] item: Leftovers
|upkeep
|turn|14
|inactive|ghastly bidoof has 90 seconds left.
|
|t:|1776973212
|move|p2a: Cryogonal|Tera Blast|p1a: Primarina|[anim] Tera Blast Electric
|-supereffective|p1a: Primarina
|-damage|p1a: Primarina|23/268
|move|p1a: Primarina|Psychic Noise|p2a: Cryogonal
|-damage|p2a: Cryogonal|181/287
|-start|p2a: Cryogonal|move: Heal Block
|
|-heal|p1a: Primarina|39/268|[from] item: Leftovers
|upkeep
|turn|15
|
|t:|1776973225
|move|p2a: Cryogonal|Tera Blast|p1a: Primarina|[anim] Tera Blast Electric
|-supereffective|p1a: Primarina
|-damage|p1a: Primarina|0 fnt
|faint|p1a: Primarina
|
|-end|p2a: Cryogonal|move: Heal Block
|upkeep
|inactive|ghastly bidoof has 90 seconds left.
|
|t:|1776973238
|switch|p1a: Arceus|Arceus-Ice, L72|291/291
|turn|16
|inactive|Lollo200019 has 120 seconds left.
|
|t:|1776973248
|move|p2a: Cryogonal|Tera Blast|p1a: Arceus|[anim] Tera Blast Electric
|-damage|p1a: Arceus|201/291
|move|p1a: Arceus|Judgment|p2a: Cryogonal
|-damage|p2a: Cryogonal|102/287
|
|upkeep
|turn|17
|
|t:|1776973262
|switch|p2a: Blissey|Blissey, L85, F|572/572
|move|p1a: Arceus|Calm Mind|p1a: Arceus
|-boost|p1a: Arceus|spa|1
|-boost|p1a: Arceus|spd|1
|
|upkeep
|turn|18
|inactive|Lollo200019 has 120 seconds left.
|
|t:|1776973294
|move|p1a: Arceus|Calm Mind|p1a: Arceus
|-boost|p1a: Arceus|spa|1
|-boost|p1a: Arceus|spd|1
|move|p2a: Blissey|Thunder Wave|p1a: Arceus
|-status|p1a: Arceus|par
|
|upkeep
|turn|19
|
|t:|1776973303
|move|p2a: Blissey|Seismic Toss|p1a: Arceus
|-damage|p1a: Arceus|116/291 par
|move|p1a: Arceus|Calm Mind|p1a: Arceus
|-boost|p1a: Arceus|spa|1
|-boost|p1a: Arceus|spd|1
|
|upkeep
|turn|20
|
|t:|1776973323
|move|p2a: Blissey|Seismic Toss|p1a: Arceus
|-damage|p1a: Arceus|31/291 par
|move|p1a: Arceus|Recover|p1a: Arceus
|-heal|p1a: Arceus|177/291 par
|
|upkeep
|turn|21
|
|t:|1776973335
|move|p2a: Blissey|Seismic Toss|p1a: Arceus
|-damage|p1a: Arceus|92/291 par
|cant|p1a: Arceus|par
|
|upkeep
|turn|22
|
|t:|1776973340
|move|p2a: Blissey|Seismic Toss|p1a: Arceus
|-damage|p1a: Arceus|7/291 par
|move|p1a: Arceus|Recover|p1a: Arceus
|-heal|p1a: Arceus|153/291 par
|
|upkeep
|turn|23
|inactive|Lollo200019 has 120 seconds left.
|
|t:|1776973345
|move|p2a: Blissey|Seismic Toss|p1a: Arceus
|-damage|p1a: Arceus|68/291 par
|move|p1a: Arceus|Recover|p1a: Arceus
|-heal|p1a: Arceus|214/291 par
|
|upkeep
|turn|24
|
|t:|1776973350
|move|p2a: Blissey|Seismic Toss|p1a: Arceus
|-damage|p1a: Arceus|129/291 par
|move|p1a: Arceus|Recover|p1a: Arceus
|-heal|p1a: Arceus|275/291 par
|
|upkeep
|turn|25
|
|t:|1776973357
|move|p2a: Blissey|Seismic Toss|p1a: Arceus
|-damage|p1a: Arceus|190/291 par
|move|p1a: Arceus|Judgment|p2a: Blissey
|-damage|p2a: Blissey|361/572
|
|-heal|p2a: Blissey|396/572|[from] item: Leftovers
|upkeep
|turn|26
|
|t:|1776973366
|move|p2a: Blissey|Seismic Toss|p1a: Arceus
|-damage|p1a: Arceus|105/291 par
|cant|p1a: Arceus|par
|
|-heal|p2a: Blissey|431/572|[from] item: Leftovers
|upkeep
|turn|27
|
|t:|1776973371
|move|p2a: Blissey|Seismic Toss|p1a: Arceus
|-damage|p1a: Arceus|20/291 par
|move|p1a: Arceus|Recover|p1a: Arceus
|-heal|p1a: Arceus|166/291 par
|
|-heal|p2a: Blissey|466/572|[from] item: Leftovers
|upkeep
|turn|28
|
|t:|1776973373
|move|p2a: Blissey|Seismic Toss|p1a: Arceus
|-damage|p1a: Arceus|81/291 par
|move|p1a: Arceus|Recover|p1a: Arceus
|-heal|p1a: Arceus|227/291 par
|
|-heal|p2a: Blissey|501/572|[from] item: Leftovers
|upkeep
|turn|29
|
|t:|1776973378
|move|p2a: Blissey|Seismic Toss|p1a: Arceus
|-damage|p1a: Arceus|142/291 par
|move|p1a: Arceus|Judgment|p2a: Blissey
|-damage|p2a: Blissey|314/572
|
|-heal|p2a: Blissey|349/572|[from] item: Leftovers
|upkeep
|turn|30
|
|t:|1776973383
|move|p2a: Blissey|Seismic Toss|p1a: Arceus
|-damage|p1a: Arceus|57/291 par
|cant|p1a: Arceus|par
|
|-heal|p2a: Blissey|384/572|[from] item: Leftovers
|upkeep
|turn|31
|
|t:|1776973387
|move|p2a: Blissey|Seismic Toss|p1a: Arceus
|-damage|p1a: Arceus|0 fnt
|faint|p1a: Arceus
|
|-heal|p2a: Blissey|419/572|[from] item: Leftovers
|upkeep
|
|t:|1776973393
|switch|p1a: Ogerpon|Ogerpon, L80, F|60/259
|turn|32
|
|t:|1776973399
|move|p1a: Ogerpon|Superpower|p2a: Blissey
|-supereffective|p2a: Blissey
|-damage|p2a: Blissey|0 fnt
|-unboost|p1a: Ogerpon|atk|1
|-unboost|p1a: Ogerpon|def|1
|faint|p2a: Blissey
|-damage|p1a: Ogerpon|35/259|[from] item: Life Orb
|
|upkeep
|
|t:|1776973402
|switch|p2a: Cryogonal|Cryogonal, L89, tera:Electric|102/287
|turn|33
|
|t:|1776973421
|move|p2a: Cryogonal|Ice Beam|p1a: Ogerpon
|-supereffective|p1a: Ogerpon
|-damage|p1a: Ogerpon|0 fnt
|faint|p1a: Ogerpon
|
|upkeep
|
|t:|1776973423
|switch|p1a: Toxapex|Toxapex, L82, F|216/216
|turn|34
|
|t:|1776973433
|move|p2a: Cryogonal|Tera Blast|p1a: Toxapex|[anim] Tera Blast Electric
|-supereffective|p1a: Toxapex
|-damage|p1a: Toxapex|72/216
|move|p1a: Toxapex|Liquidation|p2a: Cryogonal
|-damage|p2a: Cryogonal|15/287
|-unboost|p2a: Cryogonal|def|1
|
|upkeep
|turn|35
|
|t:|1776973438
|move|p2a: Cryogonal|Tera Blast|p1a: Toxapex|[anim] Tera Blast Electric
|-supereffective|p1a: Toxapex
|-damage|p1a: Toxapex|0 fnt
|faint|p1a: Toxapex
|
|win|Lollo200019
|raw|ghastly bidoof's rating: 1324 &rarr; <strong>1304</strong><br />(-20 for losing)
|raw|Lollo200019's rating: 1327 &rarr; <strong>1347</strong><br />(+20 for winning)
|l|☆ghastly bidoof
|player|p1|
