|j|☆iiiiiiiiidk
|j|☆ShunaWeeb
|t:|1776979098
|gametype|singles
|player|p1|iiiiiiiiidk|bugcatcher-gen4dp|
|player|p2|ShunaWeeb|1|
|gen|9
|tier|[Gen 9] Random Battle
|rule|Species Clause: Limit one of each Pokémon
|rule|HP Percentage Mod: HP is shown in percentages
|rule|Sleep Clause Mod: Limit one foe put to sleep
|rule|Illusion Level Mod: Illusion disguises the Pokémon's true level
|
|t:|1776979098
|teamsize|p1|6
|teamsize|p2|6
|start
|switch|p1a: Houndstone|Houndstone, L86, M|264/264
|switch|p2a: Morpeko|Morpeko, L88, M|245/245
|turn|1
|
|t:|1776979137
|move|p2a: Morpeko|Knock Off|p1a: Houndstone
|-supereffective|p1a: Houndstone
|-damage|p1a: Houndstone|170/264
|-enditem|p1a: Houndstone|Leftovers|[from] move: Knock Off|[of] p2a: Morpeko
|move|p1a: Houndstone|Body Press|p2a: Morpeko
|-supereffective|p2a: Morpeko
|-damage|p2a: Morpeko|91/245
|
|-heal|p2a: Morpeko|106/245|[from] item: Leftovers
|-formechange|p2a: Morpeko|Morpeko-Hangry||[from] ability: Hunger Switch
|upkeep
|turn|2
|
|t:|1776979156
|move|p2a: Morpeko|Aura Wheel|p1a: Houndstone
|-supereffective|p1a: Houndstone
|-damage|p1a: Houndstone|0 fnt
|-boost|p2a: Morpeko|spe|1
|faint|p1a: Houndstone
|
|-heal|p2a: Morpeko|121/245|[from] item: Leftovers
|-formechange|p2a: Morpeko|Morpeko||[from] ability: Hunger Switch
|upkeep
|c|☆iiiiiiiiidk|this lil sht
|
|t:|1776979173
|switch|p1a: Snorlax|Snorlax, L82, F|397/397
|turn|3
|
|t:|1776979221
|-terastallize|p1a: Snorlax|Ground
|move|p2a: Morpeko|Knock Off|p1a: Snorlax
|-damage|p1a: Snorlax|265/397
|-enditem|p1a: Snorlax|Chesto Berry|[from] move: Knock Off|[of] p2a: Morpeko
|move|p1a: Snorlax|Earthquake|p2a: Morpeko
|-supereffective|p2a: Morpeko
|-crit|p2a: Morpeko
|-damage|p2a: Morpeko|0 fnt
|faint|p2a: Morpeko
|
|upkeep
|
|t:|1776979238
|switch|p2a: Urshifu|Urshifu-Rapid-Strike, L75, F|274/274
|turn|4
|c|☆iiiiiiiiidk|holy sht
|c|☆ShunaWeeb|HAHAHHA
|c|☆iiiiiiiiidk|in roblox?
|c|☆iiiiiiiiidk|who tf
|c|☆iiiiiiiiidk|kilala mo?
|c|☆iiiiiiiiidk|might be a minor lowkey
|c|☆iiiiiiiiidk|ahhhhh ye
|c|☆iiiiiiiiidk|dam
|
|t:|1776979362
|switch|p1a: Hydrapple|Hydrapple, L83, F|312/312
|move|p2a: Urshifu|Swords Dance|p2a: Urshifu
|-boost|p2a: Urshifu|atk|2
|
|upkeep
|turn|5
|
|t:|1776979391
|move|p2a: Urshifu|Close Combat|p1a: Hydrapple
|-damage|p1a: Hydrapple|34/312
|-unboost|p2a: Urshifu|def|1
|-unboost|p2a: Urshifu|spd|1
|-damage|p2a: Urshifu|247/274|[from] item: Life Orb
|move|p1a: Hydrapple|Fickle Beam|p2a: Urshifu
|-damage|p2a: Urshifu|39/274
|
|-heal|p1a: Hydrapple|53/312|[from] item: Leftovers
|upkeep
|turn|6
|c|☆iiiiiiiiidk|aw hell nah
|
|t:|1776979435
|switch|p1a: Snorlax|Snorlax, L82, F, tera:Ground|265/397
|move|p2a: Urshifu|Close Combat|p1a: Snorlax
|-damage|p1a: Snorlax|0 fnt
|-unboost|p2a: Urshifu|def|1
|-unboost|p2a: Urshifu|spd|1
|faint|p1a: Snorlax
|-damage|p2a: Urshifu|12/274|[from] item: Life Orb
|
|upkeep
|
|t:|1776979451
|switch|p1a: Plusle|Plusle, L95, F|268/268
|turn|7
|
|t:|1776979467
|move|p1a: Plusle|Grass Knot|p2a: Urshifu
|-supereffective|p2a: Urshifu
|-damage|p2a: Urshifu|0 fnt
|faint|p2a: Urshifu
|-damage|p1a: Plusle|242/268|[from] item: Life Orb
|
|upkeep
|
|t:|1776979497
|switch|p2a: Dunsparce|Dunsparce, L86, F|312/312
|turn|8
|
|t:|1776979534
|move|p1a: Plusle|Nasty Plot|p1a: Plusle
|-boost|p1a: Plusle|spa|2
|move|p2a: Dunsparce|Coil|p2a: Dunsparce
|-boost|p2a: Dunsparce|atk|1
|-boost|p2a: Dunsparce|def|1
|-boost|p2a: Dunsparce|accuracy|1
|
|upkeep
|turn|9
|
|t:|1776979549
|-terastallize|p2a: Dunsparce|Ground
|move|p1a: Plusle|Encore|p2a: Dunsparce
|-start|p2a: Dunsparce|Encore
|move|p2a: Dunsparce|Coil|p2a: Dunsparce
|-boost|p2a: Dunsparce|atk|1
|-boost|p2a: Dunsparce|def|1
|-boost|p2a: Dunsparce|accuracy|1
|
|upkeep
|turn|10
|
|t:|1776979562
|move|p1a: Plusle|Grass Knot|p2a: Dunsparce
|-supereffective|p2a: Dunsparce
|-damage|p2a: Dunsparce|169/312
|-damage|p1a: Plusle|216/268|[from] item: Life Orb
|move|p2a: Dunsparce|Coil|p2a: Dunsparce
|-boost|p2a: Dunsparce|atk|1
|-boost|p2a: Dunsparce|def|1
|-boost|p2a: Dunsparce|accuracy|1
|
|upkeep
|turn|11
|
|t:|1776979573
|move|p1a: Plusle|Grass Knot|p2a: Dunsparce
|-supereffective|p2a: Dunsparce
|-damage|p2a: Dunsparce|18/312
|-damage|p1a: Plusle|190/268|[from] item: Life Orb
|move|p2a: Dunsparce|Coil|p2a: Dunsparce
|-boost|p2a: Dunsparce|atk|1
|-boost|p2a: Dunsparce|def|1
|-boost|p2a: Dunsparce|accuracy|1
|
|-end|p2a: Dunsparce|Encore
|upkeep
|turn|12
|c|☆iiiiiiiiidk|just keep coiling bro
|c|☆iiiiiiiiidk|2-3
|
|t:|1776979598
|switch|p2a: Perrserker|Perrserker, L89, F|269/269
|move|p1a: Plusle|Grass Knot|p2a: Perrserker
|-resisted|p2a: Perrserker
|-damage|p2a: Perrserker|186/269
|-damage|p1a: Plusle|164/268|[from] item: Life Orb
|
|upkeep
|turn|13
|
|t:|1776979610
|move|p1a: Plusle|Thunderbolt|p2a: Perrserker
|-damage|p2a: Perrserker|0 fnt
|faint|p2a: Perrserker
|-damage|p1a: Plusle|138/268|[from] item: Life Orb
|
|upkeep
|c|☆iiiiiiiiidk|lmao
|
|t:|1776979621
|switch|p2a: Spectrier|Spectrier, L75|274/274
|turn|14
|c|☆iiiiiiiiidk|wtffff
|c|☆iiiiiiiiidk|what are ur mons bro
|
|t:|1776979652
|move|p2a: Spectrier|Nasty Plot|p2a: Spectrier
|-boost|p2a: Spectrier|spa|2
|move|p1a: Plusle|Thunderbolt|p2a: Spectrier
|-damage|p2a: Spectrier|0 fnt
|faint|p2a: Spectrier
|-damage|p1a: Plusle|112/268|[from] item: Life Orb
|
|upkeep
|c|☆iiiiiiiiidk|lmaooooooooooo
|
|t:|1776979662
|switch|p2a: Dunsparce|Dunsparce, L86, F, tera:Ground|18/312
|turn|15
|c|☆iiiiiiiiidk|plusle too strong
|
|t:|1776979669
|move|p1a: Plusle|Grass Knot|p2a: Dunsparce
|-supereffective|p2a: Dunsparce
|-damage|p2a: Dunsparce|0 fnt
|faint|p2a: Dunsparce
|-damage|p1a: Plusle|86/268|[from] item: Life Orb
|
|upkeep
|
|t:|1776979689
|switch|p2a: Scizor|Scizor, L79, M|240/240
|turn|16
|
|t:|1776979695
|move|p1a: Plusle|Thunderbolt|p2a: Scizor
|-damage|p2a: Scizor|0 fnt
|faint|p2a: Scizor
|-damage|p1a: Plusle|60/268|[from] item: Life Orb
|
|win|iiiiiiiiidk
