|j|☆jonaslovesdogs2
|j|☆DrugsAreBadPSA
|t:|1776975780
|gametype|singles
|player|p1|jonaslovesdogs2|102|
|player|p2|DrugsAreBadPSA|red|
|gen|9
|tier|[Gen 9] Random Battle
|rule|Species Clause: Limit one of each Pokémon
|rule|HP Percentage Mod: HP is shown in percentages
|rule|Sleep Clause Mod: Limit one foe put to sleep
|rule|Illusion Level Mod: Illusion disguises the Pokémon's true level
|
|t:|1776975780
|teamsize|p1|6
|teamsize|p2|6
|start
|switch|p1a: Magcargo|Magcargo, L95, F|268/268
|switch|p2a: Dedenne|Dedenne, L88, M|261/261
|turn|1
|inactive|Battle timer is ON: inactive players will automatically lose when time's up. (requested by jonaslovesdogs2)
|
|t:|1776975799
|move|p2a: Dedenne|Super Fang|p1a: Magcargo
|-damage|p1a: Magcargo|134/268
|move|p1a: Magcargo|Yawn|p2a: Dedenne
|-start|p2a: Dedenne|move: Yawn|[of] p1a: Magcargo
|
|upkeep
|turn|2
|inactive|jonaslovesdogs2 has 270 seconds left.
|inactive|DrugsAreBadPSA has 270 seconds left.
|inactive|jonaslovesdogs2 has 240 seconds left.
|
|t:|1776975862
|move|p2a: Dedenne|Thunderbolt|p1a: Magcargo
|-damage|p1a: Magcargo|50/268
|move|p1a: Magcargo|Recover|p1a: Magcargo
|-heal|p1a: Magcargo|184/268
|
|-end|p2a: Dedenne|move: Yawn|[silent]
|-status|p2a: Dedenne|slp
|upkeep
|turn|3
|inactive|DrugsAreBadPSA has 270 seconds left.
|inactive|jonaslovesdogs2 has 240 seconds left.
|
|t:|1776975873
|cant|p2a: Dedenne|slp
|move|p1a: Magcargo|Lava Plume|p2a: Dedenne
|-damage|p2a: Dedenne|141/261 slp
|
|upkeep
|turn|4
|inactive|DrugsAreBadPSA has 270 seconds left.
|inactive|jonaslovesdogs2 has 240 seconds left.
|
|t:|1776975884
|-curestatus|p2a: Dedenne|slp|[msg]
|move|p2a: Dedenne|Super Fang|p1a: Magcargo
|-damage|p1a: Magcargo|92/268
|move|p1a: Magcargo|Lava Plume|p2a: Dedenne
|-damage|p2a: Dedenne|17/261
|-enditem|p2a: Dedenne|Sitrus Berry|[eat]
|-heal|p2a: Dedenne|82/261|[from] item: Sitrus Berry
|-heal|p2a: Dedenne|169/261|[from] ability: Cheek Pouch
|
|upkeep
|turn|5
|inactive|jonaslovesdogs2 has 240 seconds left.
|inactive|DrugsAreBadPSA has 270 seconds left.
|
|t:|1776975911
|move|p2a: Dedenne|Thunderbolt|p1a: Magcargo
|-damage|p1a: Magcargo|4/268
|-status|p1a: Magcargo|par
|move|p1a: Magcargo|Recover|p1a: Magcargo
|-heal|p1a: Magcargo|138/268 par
|
|upkeep
|turn|6
|inactive|DrugsAreBadPSA has 270 seconds left.
|
|t:|1776975926
|move|p2a: Dedenne|Thunderbolt|p1a: Magcargo
|-crit|p1a: Magcargo
|-damage|p1a: Magcargo|8/268 par
|move|p1a: Magcargo|Yawn|p2a: Dedenne
|-start|p2a: Dedenne|move: Yawn|[of] p1a: Magcargo
|
|upkeep
|turn|7
|inactive|DrugsAreBadPSA has 270 seconds left.
|
|t:|1776975941
|switch|p1a: Tsareena|Tsareena, L87, F|267/267
|move|p2a: Dedenne|Thunderbolt|p1a: Tsareena
|-resisted|p1a: Tsareena
|-damage|p1a: Tsareena|241/267
|
|-end|p2a: Dedenne|move: Yawn|[silent]
|-status|p2a: Dedenne|slp
|upkeep
|turn|8
|inactive|DrugsAreBadPSA has 270 seconds left.
|
|t:|1776975956
|cant|p2a: Dedenne|slp
|move|p1a: Tsareena|Power Whip|p2a: Dedenne|[miss]
|-miss|p1a: Tsareena|p2a: Dedenne
|
|upkeep
|turn|9
|inactive|DrugsAreBadPSA has 270 seconds left.
|
|t:|1776975962
|-curestatus|p2a: Dedenne|slp|[msg]
|move|p2a: Dedenne|U-turn|p1a: Tsareena
|-supereffective|p1a: Tsareena
|-damage|p1a: Tsareena|169/267
|inactive|DrugsAreBadPSA has 270 seconds left.
|
|t:|1776975970
|switch|p2a: Moltres|Moltres, L81|278/278|[from] U-turn
|move|p1a: Tsareena|Power Whip|p2a: Moltres
|-resisted|p2a: Moltres
|-damage|p2a: Moltres|236/278
|-status|p1a: Tsareena|brn|[from] ability: Flame Body|[of] p2a: Moltres
|
|-damage|p1a: Tsareena|153/267 brn|[from] brn
|upkeep
|turn|10
|inactive|jonaslovesdogs2 has 240 seconds left.
|inactive|DrugsAreBadPSA has 270 seconds left.
|
|t:|1776975989
|switch|p1a: Magcargo|Magcargo, L95, F|8/268 par
|move|p2a: Moltres|Scorching Sands|p1a: Magcargo
|-supereffective|p1a: Magcargo
|-damage|p1a: Magcargo|0 fnt
|faint|p1a: Magcargo
|
|upkeep
|
|t:|1776975997
|switch|p1a: Bombirdier|Bombirdier, L85, F|258/258
|turn|11
|inactive|jonaslovesdogs2 has 240 seconds left.
|inactive|DrugsAreBadPSA has 270 seconds left.
|
|t:|1776976009
|move|p2a: Moltres|Fire Blast|p1a: Bombirdier
|-damage|p1a: Bombirdier|131/258
|move|p1a: Bombirdier|Stone Edge|p2a: Moltres|[miss]
|-miss|p1a: Bombirdier|p2a: Moltres
|
|upkeep
|turn|12
|
|t:|1776976017
|move|p2a: Moltres|Fire Blast|p1a: Bombirdier
|-damage|p1a: Bombirdier|0 fnt
|faint|p1a: Bombirdier
|
|upkeep
|
|t:|1776976026
|switch|p1a: Granbull|Granbull, L88, M|302/302
|-ability|p1a: Granbull|Intimidate|boost
|-unboost|p2a: Moltres|atk|1
|turn|13
|inactive|jonaslovesdogs2 has 240 seconds left.
|
|t:|1776976052
|-terastallize|p2a: Moltres|Ground
|move|p2a: Moltres|Scorching Sands|p1a: Granbull
|-damage|p1a: Granbull|190/302
|move|p1a: Granbull|Thunder Wave|p2a: Moltres
|-immune|p2a: Moltres
|
|-heal|p1a: Granbull|208/302|[from] item: Leftovers
|upkeep
|turn|14
|
|t:|1776976067
|move|p2a: Moltres|Scorching Sands|p1a: Granbull
|-crit|p1a: Granbull
|-damage|p1a: Granbull|39/302
|move|p1a: Granbull|Play Rough|p2a: Moltres
|-damage|p2a: Moltres|104/278
|
|-heal|p1a: Granbull|57/302|[from] item: Leftovers
|upkeep
|turn|15
|
|t:|1776976084
|move|p2a: Moltres|Scorching Sands|p1a: Granbull
|-damage|p1a: Granbull|0 fnt
|faint|p1a: Granbull
|
|upkeep
|
|t:|1776976098
|switch|p1a: Bisharp|Bisharp, L79, M|232/232
|turn|16
|
|t:|1776976111
|move|p1a: Bisharp|Sucker Punch||[still]
|-fail|p1a: Bisharp
|move|p2a: Moltres|Roost|p2a: Moltres
|-heal|p2a: Moltres|243/278
|
|upkeep
|turn|17
|
|t:|1776976124
|-terastallize|p1a: Bisharp|Flying
|move|p2a: Moltres|Scorching Sands|p1a: Bisharp
|-immune|p1a: Bisharp
|move|p1a: Bisharp|Throat Chop|p2a: Moltres
|-damage|p2a: Moltres|156/278
|-start|p2a: Moltres|Throat Chop|[silent]
|
|upkeep
|turn|18
|
|t:|1776976135
|move|p2a: Moltres|Fire Blast|p1a: Bisharp
|-damage|p1a: Bisharp|130/232
|move|p1a: Bisharp|Throat Chop|p2a: Moltres
|-damage|p2a: Moltres|59/278
|
|-end|p2a: Moltres|Throat Chop|[silent]
|upkeep
|turn|19
|
|t:|1776976148
|move|p2a: Moltres|Roost|p2a: Moltres
|-heal|p2a: Moltres|198/278
|move|p1a: Bisharp|Stealth Rock|p2a: Moltres
|-sidestart|p2: DrugsAreBadPSA|move: Stealth Rock
|
|upkeep
|turn|20
|
|t:|1776976156
|move|p1a: Bisharp|Sucker Punch|p2a: Moltres
|-damage|p2a: Moltres|108/278
|move|p2a: Moltres|Fire Blast|p1a: Bisharp
|-damage|p1a: Bisharp|10/232
|
|upkeep
|turn|21
|
|t:|1776976166
|move|p2a: Moltres|Fire Blast|p1a: Bisharp|[miss]
|-miss|p2a: Moltres|p1a: Bisharp
|move|p1a: Bisharp|Throat Chop|p2a: Moltres
|-damage|p2a: Moltres|18/278
|-start|p2a: Moltres|Throat Chop|[silent]
|
|upkeep
|turn|22
|
|t:|1776976187
|move|p2a: Moltres|Roost|p2a: Moltres
|-heal|p2a: Moltres|157/278
|move|p1a: Bisharp|Throat Chop|p2a: Moltres
|-damage|p2a: Moltres|60/278
|-status|p1a: Bisharp|brn|[from] ability: Flame Body|[of] p2a: Moltres
|
|-damage|p1a: Bisharp|0 fnt|[from] brn
|faint|p1a: Bisharp
|-end|p2a: Moltres|Throat Chop|[silent]
|upkeep
|inactive|jonaslovesdogs2 has 210 seconds left.
|
|t:|1776976207
|switch|p1a: Moltres|Moltres, L81|278/278
|turn|23
|inactive|jonaslovesdogs2 has 210 seconds left.
|
|t:|1776976231
|move|p1a: Moltres|Scorching Sands|p2a: Moltres
|-damage|p2a: Moltres|0 fnt
|faint|p2a: Moltres
|
|upkeep
|
|t:|1776976252
|switch|p2a: Dedenne|Dedenne, L88, M|169/261
|-damage|p2a: Dedenne|137/261|[from] Stealth Rock
|turn|24
|
|t:|1776976261
|switch|p1a: Tsareena|Tsareena, L87, F|153/267 brn
|move|p2a: Dedenne|Super Fang|p1a: Tsareena
|-damage|p1a: Tsareena|77/267 brn
|
|-damage|p1a: Tsareena|61/267 brn|[from] brn
|upkeep
|turn|25
|inactive|jonaslovesdogs2 has 210 seconds left.
|
|t:|1776976281
|move|p2a: Dedenne|U-turn|p1a: Tsareena
|-supereffective|p1a: Tsareena
|-damage|p1a: Tsareena|0 fnt
|faint|p1a: Tsareena
|
|t:|1776976297
|switch|p2a: Clefable|Clefable, L83, M|293/293|[from] U-turn
|-damage|p2a: Clefable|257/293|[from] Stealth Rock
|
|-heal|p2a: Clefable|275/293|[from] item: Leftovers
|upkeep
|
|t:|1776976303
|switch|p1a: Moltres|Moltres, L81|278/278
|turn|26
|inactive|jonaslovesdogs2 has 210 seconds left.
|
|t:|1776976313
|move|p1a: Moltres|Brave Bird|p2a: Clefable
|-damage|p2a: Clefable|127/293
|-damage|p1a: Moltres|229/278|[from] Recoil
|move|p2a: Clefable|Thunder Wave|p1a: Moltres
|-status|p1a: Moltres|par
|
|-heal|p2a: Clefable|145/293|[from] item: Leftovers
|upkeep
|turn|27
|
|t:|1776976331
|move|p2a: Clefable|Moonlight|p2a: Clefable
|-heal|p2a: Clefable|291/293
|move|p1a: Moltres|Brave Bird|p2a: Clefable
|-damage|p2a: Clefable|143/293
|-damage|p1a: Moltres|180/278 par|[from] Recoil
|
|-heal|p2a: Clefable|161/293|[from] item: Leftovers
|upkeep
|turn|28
|inactive|jonaslovesdogs2 has 210 seconds left.
|
|t:|1776976353
|move|p2a: Clefable|Stealth Rock|p1a: Moltres
|-sidestart|p1: jonaslovesdogs2|move: Stealth Rock
|move|p1a: Moltres|Brave Bird|p2a: Clefable
|-damage|p2a: Clefable|17/293
|-damage|p1a: Moltres|132/278 par|[from] Recoil
|
|-heal|p2a: Clefable|35/293|[from] item: Leftovers
|upkeep
|turn|29
|inactive|jonaslovesdogs2 has 210 seconds left.
|
|t:|1776976366
|move|p2a: Clefable|Moonblast|p1a: Moltres
|-resisted|p1a: Moltres
|-damage|p1a: Moltres|78/278 par
|cant|p1a: Moltres|par
|
|-heal|p2a: Clefable|53/293|[from] item: Leftovers
|upkeep
|turn|30
|inactive|jonaslovesdogs2 has 210 seconds left.
|
|t:|1776976380
|move|p2a: Clefable|Moonlight|p2a: Clefable
|-heal|p2a: Clefable|199/293
|move|p1a: Moltres|Roost|p1a: Moltres
|-heal|p1a: Moltres|217/278 par
|-singleturn|p1a: Moltres|move: Roost
|
|-heal|p2a: Clefable|217/293|[from] item: Leftovers
|upkeep
|turn|31
|inactive|jonaslovesdogs2 has 210 seconds left.
|inactive|DrugsAreBadPSA has 270 seconds left.
|
|t:|1776976413
|move|p2a: Clefable|Moonblast|p1a: Moltres
|-resisted|p1a: Moltres
|-damage|p1a: Moltres|163/278 par
|-unboost|p1a: Moltres|spa|1
|move|p1a: Moltres|Brave Bird|p2a: Clefable
|-damage|p2a: Clefable|72/293
|-damage|p1a: Moltres|115/278 par|[from] Recoil
|
|-heal|p2a: Clefable|90/293|[from] item: Leftovers
|upkeep
|turn|32
|inactive|jonaslovesdogs2 has 180 seconds left.
|
|t:|1776976459
|move|p2a: Clefable|Moonlight|p2a: Clefable
|-heal|p2a: Clefable|236/293
|move|p1a: Moltres|Brave Bird|p2a: Clefable
|-damage|p2a: Clefable|106/293
|-damage|p1a: Moltres|72/278 par|[from] Recoil
|
|-heal|p2a: Clefable|124/293|[from] item: Leftovers
|upkeep
|turn|33
|-message|jonaslovesdogs2 forfeited.
|
|win|DrugsAreBadPSA
|l|☆jonaslovesdogs2
|player|p1|
