|j|☆Kalaphant
|j|☆ProKameron Bot
|t:|1776973517
|gametype|singles
|player|p1|Kalaphant|101|
|player|p2|ProKameron Bot|sada-ai|
|gen|9
|tier|[Gen 9] Random Battle
|rule|Species Clause: Limit one of each Pokémon
|rule|HP Percentage Mod: HP is shown in percentages
|rule|Sleep Clause Mod: Limit one foe put to sleep
|rule|Illusion Level Mod: Illusion disguises the Pokémon's true level
|rule|Protean Palace Mod: Pokémon become the type of the move they use.
|raw|<div class="infobox"><details class="readmore" open><summary><strong>1 custom rule:</strong></summary> Protean Palace Mod</details></div>
|
|t:|1776973517
|teamsize|p1|6
|teamsize|p2|6
|start
|switch|p1a: Ogerpon|Ogerpon-Hearthflame, L74, F|239/239
|switch|p2a: Talonflame|Talonflame, L83, F|265/265
|-ability|p1a: Ogerpon|Mold Breaker
|turn|1
|inactive|Battle timer is ON: inactive players will automatically lose when time's up. (requested by Kalaphant)
|c|☆ProKameron Bot|Please note: I am a bot, not a human. As per what the <<help>> room says (``/roomfaq bots``), bots are allowed to ladder & battle humans. If you find my dialogue annoying, use ``/ignore prokameronbot`` and you won't see any of my messages. Please do not open any help tickets, it wastes staff's time.
|raw|<div class="broadcast-red"><strong>Moderated chat was set to autoconfirmed!</strong><br />Only users of rank autoconfirmed and higher can talk.</div>
|c|☆ProKameron Bot|Bot here — have fun battling!
|inactive|ProKameron Bot also wants the timer to be on.
|
|t:|1776973540
|switch|p1a: Zamazenta|Zamazenta-Crowned, L68|238/238
|-ability|p1a: Zamazenta|Dauntless Shield|boost
|-boost|p1a: Zamazenta|def|1
|move|p2a: Talonflame|Brave Bird|p1a: Zamazenta
|-start|p2a: Talonflame|typechange|Flying|[from] ability: Protean
|-damage|p1a: Zamazenta|180/238
|-damage|p2a: Talonflame|246/265|[from] Recoil
|
|upkeep
|turn|2
|
|t:|1776973554
|move|p2a: Talonflame|Flare Blitz|p1a: Zamazenta
|-start|p2a: Talonflame|typechange|Fire|[from] ability: Protean
|-supereffective|p1a: Zamazenta
|-damage|p1a: Zamazenta|46/238
|-damage|p2a: Talonflame|202/265|[from] Recoil
|move|p1a: Zamazenta|Stone Edge|p2a: Talonflame
|-start|p1a: Zamazenta|typechange|Rock|[from] ability: Protean
|-supereffective|p2a: Talonflame
|-damage|p2a: Talonflame|8/265
|
|upkeep
|turn|3
|n|☆ProKameron Bot|prokameronbot
|
|t:|1776973579
|move|p2a: Talonflame|Flare Blitz|p1a: Zamazenta
|-resisted|p1a: Zamazenta
|-damage|p1a: Zamazenta|13/238
|-status|p1a: Zamazenta|brn
|-damage|p2a: Talonflame|0 fnt|[from] Recoil
|faint|p2a: Talonflame
|move|p1a: Zamazenta|Stone Edge|p2: Talonflame|[notarget]
|-fail|p1a: Zamazenta
|
|-damage|p1a: Zamazenta|0 fnt|[from] brn
|faint|p1a: Zamazenta
|upkeep
|inactive|Kalaphant has 270 seconds left.
|
|t:|1776973597
|switch|p2a: Kleavor|Kleavor, L78, M|237/237
|switch|p1a: Iron Bundle|Iron Bundle, L78|215/215
|turn|4
|inactive|Kalaphant has 270 seconds left.
|
|t:|1776973607
|move|p1a: Iron Bundle|Hydro Pump|p2a: Kleavor
|-start|p1a: Iron Bundle|typechange|Water|[from] ability: Protean
|-supereffective|p2a: Kleavor
|-damage|p2a: Kleavor|0 fnt
|faint|p2a: Kleavor
|
|upkeep
|
|t:|1776973607
|switch|p2a: Donphan|Donphan, L84, F|288/288
|turn|5
|
|t:|1776973617
|move|p1a: Iron Bundle|Ice Beam|p2a: Donphan
|-start|p1a: Iron Bundle|typechange|Ice|[from] ability: Protean
|-supereffective|p2a: Donphan
|-damage|p2a: Donphan|12/288
|move|p2a: Donphan|Earthquake|p1a: Iron Bundle
|-damage|p1a: Iron Bundle|53/215
|
|upkeep
|turn|6
|
|t:|1776973629
|move|p1a: Iron Bundle|Freeze-Dry|p2a: Donphan
|-supereffective|p2a: Donphan
|-damage|p2a: Donphan|0 fnt
|faint|p2a: Donphan
|
|upkeep
|
|t:|1776973629
|switch|p2a: Ditto|Ditto, L87|225/225
|-transform|p2a: Ditto|p1a: Iron Bundle|[from] ability: Imposter
|turn|7
|
|t:|1776973640
|move|p2a: Ditto|Hydro Pump|p1a: Iron Bundle
|-start|p2a: Ditto|typechange|Water|[from] ability: Protean
|-damage|p1a: Iron Bundle|0 fnt
|faint|p1a: Iron Bundle
|-end|p1a: Iron Bundle|Quark Drive|[silent]
|
|upkeep
|
|t:|1776973647
|switch|p1a: Zebstrika|Zebstrika, L87, F|272/272
|turn|8
|
|t:|1776973651
|move|p2a: Ditto|Hydro Pump|p1a: Zebstrika|[miss]
|-miss|p2a: Ditto|p1a: Zebstrika
|move|p1a: Zebstrika|Supercell Slam|p2a: Ditto|[miss]
|-miss|p1a: Zebstrika|p2a: Ditto
|-damage|p1a: Zebstrika|136/272|[from] supercellslam
|
|upkeep
|turn|9
|
|t:|1776973662
|move|p2a: Ditto|Hydro Pump|p1a: Zebstrika
|-damage|p1a: Zebstrika|0 fnt
|faint|p1a: Zebstrika
|
|upkeep
|
|t:|1776973677
|switch|p1a: Ceruledge|Ceruledge, L78, F|245/245
|turn|10
|
|t:|1776973688
|move|p2a: Ditto|Hydro Pump|p1a: Ceruledge
|-supereffective|p1a: Ceruledge
|-damage|p1a: Ceruledge|0 fnt
|faint|p1a: Ceruledge
|
|upkeep
|
|t:|1776973696
|switch|p1a: Ogerpon|Ogerpon-Hearthflame, L74, F|239/239
|-ability|p1a: Ogerpon|Mold Breaker
|turn|11
|
|t:|1776973703
|move|p2a: Ditto|Hydro Pump|p1a: Ogerpon
|-damage|p1a: Ogerpon|95/239
|move|p1a: Ogerpon|Power Whip|p2a: Ditto
|-start|p1a: Ogerpon|typechange|Grass|[from] ability: Protean
|-supereffective|p2a: Ditto
|-damage|p2a: Ditto|0 fnt
|faint|p2a: Ditto
|-end|p2a: Ditto|Quark Drive|[silent]
|
|upkeep
|
|t:|1776973704
|switch|p2a: Hatterene|Hatterene, L85, F|236/236
|turn|12
|
|t:|1776973727
|-terastallize|p1a: Ogerpon|Fire
|detailschange|p1a: Ogerpon|Ogerpon-Hearthflame-Tera, L74, F, tera:Fire
|-ability|p1a: Ogerpon|Embody Aspect (Hearthflame)|boost
|-boost|p1a: Ogerpon|atk|1
|move|p1a: Ogerpon|Ivy Cudgel|p2a: Hatterene|[anim] Ivy Cudgel Fire
|-damage|p2a: Hatterene|30/236
|move|p2a: Hatterene|Mystical Fire|p1a: Ogerpon
|-start|p2a: Hatterene|typechange|Fire|[from] ability: Protean
|-resisted|p1a: Ogerpon
|-damage|p1a: Ogerpon|41/239
|-unboost|p1a: Ogerpon|spa|1
|
|upkeep
|turn|13
|n|☆ProKameron Bot|prokameronbot
|
|t:|1776973740
|move|p1a: Ogerpon|Stomping Tantrum|p2a: Hatterene
|-supereffective|p2a: Hatterene
|-damage|p2a: Hatterene|0 fnt
|faint|p2a: Hatterene
|
|upkeep
|
|t:|1776973740
|switch|p2a: Whimsicott|Whimsicott, L84, M|238/238
|turn|14
|
|t:|1776973746
|move|p2a: Whimsicott|Moonblast|p1a: Ogerpon
|-start|p2a: Whimsicott|typechange|Fairy|[from] ability: Protean
|-resisted|p1a: Ogerpon
|-damage|p1a: Ogerpon|0 fnt
|faint|p1a: Ogerpon
|detailschange|p1: Ogerpon|Ogerpon-Hearthflame, L74, F|[silent]
|
|upkeep
|
|t:|1776973751
|switch|p1a: Decidueye|Decidueye, L88, F, shiny|281/281
|turn|15
|c|☆Kalaphant|1v1
|
|t:|1776973772
|move|p2a: Whimsicott|Moonblast|p1a: Decidueye
|-damage|p1a: Decidueye|205/281
|move|p1a: Decidueye|Leaf Storm|p2a: Whimsicott
|-start|p1a: Decidueye|typechange|Grass|[from] ability: Protean
|-damage|p2a: Whimsicott|70/238
|-unboost|p1a: Decidueye|spa|2
|
|-heal|p2a: Whimsicott|84/238|[from] item: Leftovers
|upkeep
|turn|16
|
|t:|1776973779
|move|p2a: Whimsicott|Moonblast|p1a: Decidueye
|-damage|p1a: Decidueye|129/281
|move|p1a: Decidueye|Leaf Storm|p2a: Whimsicott
|-damage|p2a: Whimsicott|0 fnt
|-unboost|p1a: Decidueye|spa|2
|faint|p2a: Whimsicott
|
|win|Kalaphant
|c|☆ProKameron Bot|> Well played.
