|j|☆eurdappel
|j|☆Rvmses
|t:|1776974817
|gametype|singles
|player|p1|eurdappel|giovanni|1529
|player|p2|Rvmses|266|1576
|gen|9
|tier|[Gen 9] Random Battle
|rated|
|rule|Species Clause: Limit one of each Pokémon
|rule|HP Percentage Mod: HP is shown in percentages
|rule|Sleep Clause Mod: Limit one foe put to sleep
|rule|Illusion Level Mod: Illusion disguises the Pokémon's true level
|
|t:|1776974817
|teamsize|p1|6
|teamsize|p2|6
|start
|switch|p1a: Masquerain|Masquerain, L87, M|264/264
|switch|p2a: Iron Crown|Iron Crown, L78|268/268
|-ability|p1a: Masquerain|Intimidate|boost
|-unboost|p2a: Iron Crown|atk|1
|turn|1
|inactive|Battle timer is ON: inactive players will automatically lose when time's up. (requested by eurdappel)
|
|t:|1776974838
|move|p2a: Iron Crown|Tachyon Cutter|p1a: Masquerain
|-damage|p1a: Masquerain|207/264
|-damage|p1a: Masquerain|152/264
|-hitcount|p1a: Masquerain|2
|move|p1a: Masquerain|Sticky Web|p2a: Iron Crown
|-sidestart|p2: Rvmses|move: Sticky Web
|
|upkeep
|turn|2
|
|t:|1776974847
|move|p2a: Iron Crown|Tachyon Cutter|p1a: Masquerain
|-damage|p1a: Masquerain|95/264
|-damage|p1a: Masquerain|35/264
|-hitcount|p1a: Masquerain|2
|move|p1a: Masquerain|Bug Buzz|p2a: Iron Crown
|-damage|p2a: Iron Crown|180/268
|-unboost|p2a: Iron Crown|spd|1
|
|-heal|p2a: Iron Crown|196/268|[from] item: Leftovers
|upkeep
|turn|3
|
|t:|1776974857
|move|p2a: Iron Crown|Tachyon Cutter|p1a: Masquerain
|-damage|p1a: Masquerain|0 fnt
|faint|p1a: Masquerain
|-hitcount|p1: Masquerain|1
|
|-heal|p2a: Iron Crown|212/268|[from] item: Leftovers
|upkeep
|
|t:|1776974868
|switch|p1a: Hatterene|Hatterene, L85, F|236/236
|turn|4
|
|t:|1776974879
|move|p2a: Iron Crown|Tachyon Cutter|p1a: Hatterene
|-supereffective|p1a: Hatterene
|-damage|p1a: Hatterene|132/236
|-supereffective|p1a: Hatterene
|-crit|p1a: Hatterene
|-damage|p1a: Hatterene|0 fnt
|faint|p1a: Hatterene
|-hitcount|p1: Hatterene|2
|
|-heal|p2a: Iron Crown|228/268|[from] item: Leftovers
|upkeep
|
|t:|1776974897
|switch|p1a: Entei|Entei, L78|307/307
|turn|5
|
|t:|1776974906
|-terastallize|p2a: Iron Crown|Fighting
|move|p1a: Entei|Flare Blitz|p2a: Iron Crown
|-damage|p2a: Iron Crown|50/268
|-damage|p1a: Entei|248/307|[from] Recoil
|move|p2a: Iron Crown|Focus Blast|p1a: Entei
|-damage|p1a: Entei|91/307
|
|-heal|p2a: Iron Crown|66/268|[from] item: Leftovers
|upkeep
|turn|6
|
|t:|1776974920
|-end|p2a: Iron Crown|Quark Drive|[silent]
|switch|p2a: Walking Wake|Walking Wake, L79|286/286
|-activate|p2a: Walking Wake|move: Sticky Web
|-unboost|p2a: Walking Wake|spe|1
|move|p1a: Entei|Flare Blitz|p2a: Walking Wake
|-resisted|p2a: Walking Wake
|-damage|p2a: Walking Wake|235/286
|-damage|p1a: Entei|74/307|[from] Recoil
|
|upkeep
|turn|7
|
|t:|1776974930
|switch|p1a: Chimecho|Chimecho, L93, M|290/290
|move|p2a: Walking Wake|Flip Turn|p1a: Chimecho
|-damage|p1a: Chimecho|242/290
|
|t:|1776974939
|-end|p2a: Walking Wake|Protosynthesis|[silent]
|switch|p2a: Brute Bonnet|Brute Bonnet, L80|309/309|[from] Flip Turn
|-activate|p2a: Brute Bonnet|move: Sticky Web
|-unboost|p2a: Brute Bonnet|spe|1
|
|-heal|p1a: Chimecho|260/290|[from] item: Leftovers
|upkeep
|turn|8
|
|t:|1776974948
|move|p1a: Chimecho|Thunder Wave|p2a: Brute Bonnet
|-status|p2a: Brute Bonnet|par
|cant|p2a: Brute Bonnet|par
|
|-heal|p1a: Chimecho|278/290|[from] item: Leftovers
|upkeep
|turn|9
|
|t:|1776974975
|switch|p1a: Skarmory|Skarmory, L80, F|235/235
|move|p2a: Brute Bonnet|Spore|p1a: Skarmory
|-status|p1a: Skarmory|slp|[from] move: Spore
|
|upkeep
|turn|10
|
|t:|1776974988
|-end|p2a: Brute Bonnet|Protosynthesis|[silent]
|switch|p2a: Walking Wake|Walking Wake, L79|235/286
|-activate|p2a: Walking Wake|move: Sticky Web
|-unboost|p2a: Walking Wake|spe|1
|cant|p1a: Skarmory|slp
|
|upkeep
|turn|11
|
|t:|1776974998
|-curestatus|p1a: Skarmory|slp|[msg]
|move|p1a: Skarmory|Spikes|p2a: Walking Wake
|-sidestart|p2: Rvmses|Spikes
|move|p2a: Walking Wake|Flamethrower|p1a: Skarmory
|-supereffective|p1a: Skarmory
|-ability|p1a: Skarmory|Sturdy
|-damage|p1a: Skarmory|1/235
|
|upkeep
|turn|12
|
|t:|1776975008
|move|p1a: Skarmory|Brave Bird|p2a: Walking Wake
|-damage|p2a: Walking Wake|136/286
|-damage|p1a: Skarmory|0 fnt|[from] Recoil
|faint|p1a: Skarmory
|move|p2a: Walking Wake|Flamethrower|p1: Skarmory|[notarget]
|-fail|p2a: Walking Wake
|
|upkeep
|
|t:|1776975019
|switch|p1a: Hitmontop|Hitmontop, L88, M|231/231
|-ability|p1a: Hitmontop|Intimidate|boost
|-unboost|p2a: Walking Wake|atk|1
|turn|13
|
|t:|1776975031
|move|p1a: Hitmontop|Earthquake|p2a: Walking Wake
|-damage|p2a: Walking Wake|50/286
|move|p2a: Walking Wake|Flamethrower|p1a: Hitmontop
|-damage|p1a: Hitmontop|176/231
|
|upkeep
|turn|14
|
|t:|1776975038
|move|p1a: Hitmontop|Earthquake|p2a: Walking Wake
|-damage|p2a: Walking Wake|0 fnt
|faint|p2a: Walking Wake
|-end|p2a: Walking Wake|Protosynthesis|[silent]
|
|upkeep
|inactive|Rvmses has 120 seconds left.
|
|t:|1776975086
|switch|p2a: Spiritomb|Spiritomb, L89, M|234/234
|-activate|p2a: Spiritomb|move: Sticky Web
|-unboost|p2a: Spiritomb|spe|1
|-damage|p2a: Spiritomb|205/234|[from] Spikes
|turn|15
|
|t:|1776975104
|move|p1a: Hitmontop|Earthquake|p2a: Spiritomb
|-damage|p2a: Spiritomb|148/234
|move|p2a: Spiritomb|Toxic|p1a: Hitmontop
|-status|p1a: Hitmontop|tox
|
|-heal|p2a: Spiritomb|162/234|[from] item: Leftovers
|-damage|p1a: Hitmontop|162/231 tox|[from] psn
|upkeep
|turn|16
|
|t:|1776975127
|move|p1a: Hitmontop|Earthquake|p2a: Spiritomb
|-damage|p2a: Spiritomb|101/234
|move|p2a: Spiritomb|Poltergeist|p1a: Hitmontop
|-activate|p1a: Hitmontop|move: Poltergeist|Assault Vest
|-damage|p1a: Hitmontop|54/231 tox
|
|-heal|p2a: Spiritomb|115/234|[from] item: Leftovers
|-damage|p1a: Hitmontop|26/231 tox|[from] psn
|upkeep
|turn|17
|
|t:|1776975137
|move|p2a: Spiritomb|Sucker Punch|p1a: Hitmontop
|-resisted|p1a: Hitmontop
|-damage|p1a: Hitmontop|0 fnt
|faint|p1a: Hitmontop
|
|-heal|p2a: Spiritomb|129/234|[from] item: Leftovers
|upkeep
|
|t:|1776975148
|switch|p1a: Chimecho|Chimecho, L93, M|278/290
|turn|18
|
|t:|1776975162
|move|p1a: Chimecho|Thunder Wave|p2a: Spiritomb
|-status|p2a: Spiritomb|par
|cant|p2a: Spiritomb|par
|
|-heal|p1a: Chimecho|290/290|[from] item: Leftovers
|-heal|p2a: Spiritomb|143/234 par|[from] item: Leftovers
|upkeep
|turn|19
|
|t:|1776975169
|switch|p1a: Entei|Entei, L78|74/307
|move|p2a: Spiritomb|Poltergeist|p1a: Entei
|-activate|p1a: Entei|move: Poltergeist|Choice Band
|-damage|p1a: Entei|0 fnt
|faint|p1a: Entei
|
|-heal|p2a: Spiritomb|157/234 par|[from] item: Leftovers
|upkeep
|
|t:|1776975177
|switch|p1a: Chimecho|Chimecho, L93, M|290/290
|turn|20
|inactive|Rvmses has 120 seconds left.
|
|t:|1776975198
|move|p1a: Chimecho|Heal Bell||[still]
|-activate|p1a: Chimecho|move: Heal Bell
|-fail|p1a: Chimecho
|move|p2a: Spiritomb|Toxic|p1a: Chimecho
|-status|p1a: Chimecho|tox
|
|-heal|p2a: Spiritomb|171/234 par|[from] item: Leftovers
|-damage|p1a: Chimecho|272/290 tox|[from] psn
|upkeep
|turn|21
|
|t:|1776975211
|move|p1a: Chimecho|Recover|p1a: Chimecho
|-heal|p1a: Chimecho|290/290 tox
|move|p2a: Spiritomb|Poltergeist|p1a: Chimecho
|-activate|p1a: Chimecho|move: Poltergeist|Leftovers
|-supereffective|p1a: Chimecho
|-damage|p1a: Chimecho|36/290 tox
|
|-heal|p1a: Chimecho|54/290 tox|[from] item: Leftovers
|-heal|p2a: Spiritomb|185/234 par|[from] item: Leftovers
|-damage|p1a: Chimecho|18/290 tox|[from] psn
|upkeep
|turn|22
|inactive|Rvmses has 120 seconds left.
|
|t:|1776975221
|move|p1a: Chimecho|Recover|p1a: Chimecho
|-heal|p1a: Chimecho|163/290 tox
|move|p2a: Spiritomb|Foul Play|p1a: Chimecho
|-supereffective|p1a: Chimecho
|-damage|p1a: Chimecho|61/290 tox
|
|-heal|p1a: Chimecho|79/290 tox|[from] item: Leftovers
|-heal|p2a: Spiritomb|199/234 par|[from] item: Leftovers
|-damage|p1a: Chimecho|25/290 tox|[from] psn
|upkeep
|turn|23
|
|t:|1776975231
|-terastallize|p1a: Chimecho|Poison
|move|p1a: Chimecho|Recover|p1a: Chimecho
|-heal|p1a: Chimecho|170/290 tox
|move|p2a: Spiritomb|Foul Play|p1a: Chimecho
|-damage|p1a: Chimecho|124/290 tox
|
|-heal|p1a: Chimecho|142/290 tox|[from] item: Leftovers
|-heal|p2a: Spiritomb|213/234 par|[from] item: Leftovers
|-damage|p1a: Chimecho|70/290 tox|[from] psn
|upkeep
|turn|24
|
|t:|1776975240
|move|p1a: Chimecho|Recover|p1a: Chimecho
|-heal|p1a: Chimecho|215/290 tox
|move|p2a: Spiritomb|Poltergeist|p1a: Chimecho
|-activate|p1a: Chimecho|move: Poltergeist|Leftovers
|-damage|p1a: Chimecho|100/290 tox
|
|-heal|p1a: Chimecho|118/290 tox|[from] item: Leftovers
|-heal|p2a: Spiritomb|227/234 par|[from] item: Leftovers
|-damage|p1a: Chimecho|28/290 tox|[from] psn
|upkeep
|turn|25
|
|t:|1776975250
|move|p1a: Chimecho|Recover|p1a: Chimecho
|-heal|p1a: Chimecho|173/290 tox
|move|p2a: Spiritomb|Poltergeist|p1a: Chimecho
|-activate|p1a: Chimecho|move: Poltergeist|Leftovers
|-damage|p1a: Chimecho|43/290 tox
|
|-heal|p1a: Chimecho|61/290 tox|[from] item: Leftovers
|-heal|p2a: Spiritomb|234/234 par|[from] item: Leftovers
|-damage|p1a: Chimecho|0 fnt|[from] psn
|faint|p1a: Chimecho
|
|win|Rvmses
|raw|eurdappel's rating: 1529 &rarr; <strong>1512</strong><br />(-17 for losing)
|raw|Rvmses's rating: 1576 &rarr; <strong>1593</strong><br />(+17 for winning)
