|j|☆aagarocks
|j|☆Longing for fire
|t:|1772751108
|gametype|singles
|player|p1|aagarocks|red-gen2|
|player|p2|Longing for fire|teamrocket|
|gen|9
|tier|[Gen 9] Random Battle
|rule|Species Clause: Limit one of each Pokémon
|rule|HP Percentage Mod: HP is shown in percentages
|rule|Sleep Clause Mod: Limit one foe put to sleep
|rule|Illusion Level Mod: Illusion disguises the Pokémon's true level
|
|t:|1772751108
|teamsize|p1|6
|teamsize|p2|6
|start
|switch|p1a: Regigigas|Regigigas, L84|322/322
|switch|p2a: Dragalge|Dragalge, L88, M|258/258
|-start|p1a: Regigigas|ability: Slow Start
|turn|1
|c|☆Longing for fire|glhf
|c|☆aagarocks|u2
|
|t:|1772751161
|move|p2a: Dragalge|Toxic|p1a: Regigigas
|-status|p1a: Regigigas|tox
|move|p1a: Regigigas|Knock Off|p2a: Dragalge
|-damage|p2a: Dragalge|212/258
|-enditem|p2a: Dragalge|Leftovers|[from] move: Knock Off|[of] p1a: Regigigas
|
|-damage|p1a: Regigigas|302/322 tox|[from] psn
|upkeep
|turn|2
|
|t:|1772751189
|move|p2a: Dragalge|Focus Blast|p1a: Regigigas
|-supereffective|p1a: Regigigas
|-crit|p1a: Regigigas
|-damage|p1a: Regigigas|66/322 tox
|move|p1a: Regigigas|Body Slam|p2a: Dragalge
|-damage|p2a: Dragalge|148/258
|
|-heal|p1a: Regigigas|86/322 tox|[from] item: Leftovers
|-damage|p1a: Regigigas|46/322 tox|[from] psn
|upkeep
|turn|3
|
|t:|1772751214
|move|p2a: Dragalge|Sludge Wave|p1a: Regigigas
|-damage|p1a: Regigigas|0 fnt
|faint|p1a: Regigigas
|-end|p1a: Regigigas|Slow Start|[silent]
|
|upkeep
|
|t:|1772751242
|switch|p1a: Overqwil|Overqwil, L82, F|274/274
|-ability|p1a: Overqwil|Intimidate|boost
|-unboost|p2a: Dragalge|atk|1
|turn|4
|
|t:|1772751268
|move|p1a: Overqwil|Crunch|p2a: Dragalge
|-damage|p2a: Dragalge|25/258
|move|p2a: Dragalge|Draco Meteor|p1a: Overqwil
|-damage|p1a: Overqwil|18/274
|-unboost|p2a: Dragalge|spa|2
|
|upkeep
|turn|5
|
|t:|1772751276
|move|p1a: Overqwil|Crunch|p2a: Dragalge
|-damage|p2a: Dragalge|0 fnt
|faint|p2a: Dragalge
|
|upkeep
|j| Zetchup21man
|
|t:|1772751312
|switch|p2a: Leavanny|Leavanny, L86, F|269/269
|turn|6
|
|t:|1772751333
|switch|p1a: Avalugg|Avalugg-Hisui, L90, M|317/317
|move|p2a: Leavanny|Sticky Web|p1a: Avalugg
|-sidestart|p1: aagarocks|move: Sticky Web
|
|upkeep
|turn|7
|
|t:|1772751353
|move|p2a: Leavanny|Bullet Seed|p1a: Avalugg
|-supereffective|p1a: Avalugg
|-damage|p1a: Avalugg|285/317
|-supereffective|p1a: Avalugg
|-damage|p1a: Avalugg|255/317
|-supereffective|p1a: Avalugg
|-damage|p1a: Avalugg|223/317
|-supereffective|p1a: Avalugg
|-damage|p1a: Avalugg|191/317
|-hitcount|p1a: Avalugg|4
|move|p1a: Avalugg|Rapid Spin|p2a: Leavanny
|-damage|p2a: Leavanny|215/269
|-boost|p1a: Avalugg|spe|1
|-sideend|p1: aagarocks|Sticky Web|[from] move: Rapid Spin|[of] p1a: Avalugg
|
|upkeep
|turn|8
|
|t:|1772751374
|switch|p2a: Solgaleo|Solgaleo, L74|325/325
|move|p1a: Avalugg|Rapid Spin|p2a: Solgaleo
|-resisted|p2a: Solgaleo
|-damage|p2a: Solgaleo|299/325
|-boost|p1a: Avalugg|spe|1
|-damage|p1a: Avalugg|139/317|[from] item: Rocky Helmet|[of] p2a: Solgaleo
|
|upkeep
|turn|9
|j| xDanyul
|
|t:|1772751426
|move|p1a: Avalugg|Stone Edge|p2a: Solgaleo
|-resisted|p2a: Solgaleo
|-damage|p2a: Solgaleo|225/325
|move|p2a: Solgaleo|Sunsteel Strike|p1a: Avalugg
|-supereffective|p1a: Avalugg
|-damage|p1a: Avalugg|0 fnt
|faint|p1a: Avalugg
|
|upkeep
|
|t:|1772751436
|switch|p1a: Overqwil|Overqwil, L82, F|18/274
|-ability|p1a: Overqwil|Intimidate|boost
|-fail|p2a: Solgaleo|unboost|[from] ability: Full Metal Body|[of] p2a: Solgaleo
|turn|10
|
|t:|1772751461
|switch|p2a: Leavanny|Leavanny, L86, F|215/269
|move|p1a: Overqwil|Crunch|p2a: Leavanny
|-damage|p2a: Leavanny|73/269
|
|upkeep
|turn|11
|
|t:|1772751503
|switch|p1a: Arceus|Arceus-Ground, L70|284/284
|move|p2a: Leavanny|Sticky Web|p1a: Arceus
|-sidestart|p1: aagarocks|move: Sticky Web
|
|upkeep
|turn|12
|
|t:|1772751519
|move|p1a: Arceus|Ice Beam|p2a: Leavanny
|-supereffective|p2a: Leavanny
|-damage|p2a: Leavanny|0 fnt
|faint|p2a: Leavanny
|
|upkeep
|j| big hiro 6
|
|t:|1772751574
|switch|p2a: Reuniclus|Reuniclus, L88, F|337/337
|turn|13
|
|t:|1772751630
|switch|p1a: Overqwil|Overqwil, L82, F|18/274
|-activate|p1a: Overqwil|move: Sticky Web
|-unboost|p1a: Overqwil|spe|1
|-ability|p1a: Overqwil|Intimidate|boost
|-unboost|p2a: Reuniclus|atk|1
|move|p2a: Reuniclus|Focus Blast|p1a: Overqwil|[miss]
|-miss|p2a: Reuniclus|p1a: Overqwil
|
|upkeep
|turn|14
|
|t:|1772751698
|switch|p2a: Volcarona|Volcarona, L77, F|257/257
|move|p1a: Overqwil|Crunch|p2a: Volcarona
|-damage|p2a: Volcarona|77/257
|-unboost|p2a: Volcarona|def|1
|
|upkeep
|turn|15
|l| big hiro 6
|
|t:|1772751738
|move|p2a: Volcarona|Fiery Dance|p1a: Overqwil
|-damage|p1a: Overqwil|0 fnt
|faint|p1a: Overqwil
|
|upkeep
|
|t:|1772751781
|switch|p1a: Oinkologne|Oinkologne, L92, M|352/352
|-activate|p1a: Oinkologne|move: Sticky Web
|-unboost|p1a: Oinkologne|spe|1
|turn|16
|
|t:|1772751818
|move|p2a: Volcarona|Bug Buzz|p1a: Oinkologne
|-damage|p1a: Oinkologne|201/352
|move|p1a: Oinkologne|Curse|p1a: Oinkologne
|-unboost|p1a: Oinkologne|spe|1
|-boost|p1a: Oinkologne|atk|1
|-boost|p1a: Oinkologne|def|1
|
|-heal|p1a: Oinkologne|223/352|[from] item: Leftovers
|upkeep
|turn|17
|
|t:|1772751827
|move|p2a: Volcarona|Bug Buzz|p1a: Oinkologne
|-damage|p1a: Oinkologne|78/352
|move|p1a: Oinkologne|Body Slam|p2a: Volcarona
|-damage|p2a: Volcarona|0 fnt
|faint|p2a: Volcarona
|
|-heal|p1a: Oinkologne|100/352|[from] item: Leftovers
|upkeep
|
|t:|1772751841
|switch|p2a: Solgaleo|Solgaleo, L74|225/325
|turn|18
|
|t:|1772751861
|move|p2a: Solgaleo|Close Combat|p1a: Oinkologne
|-supereffective|p1a: Oinkologne
|-damage|p1a: Oinkologne|0 fnt
|-unboost|p2a: Solgaleo|def|1
|-unboost|p2a: Solgaleo|spd|1
|faint|p1a: Oinkologne
|
|upkeep
|
|t:|1772751945
|switch|p1a: Reshiram|Reshiram, L76|277/277
|-ability|p1a: Reshiram|Turboblaze
|turn|19
|
|t:|1772752008
|switch|p2a: Reuniclus|Reuniclus, L88, F|337/337
|move|p1a: Reshiram|Dragon Dance|p1a: Reshiram
|-boost|p1a: Reshiram|atk|1
|-boost|p1a: Reshiram|spe|1
|
|upkeep
|turn|20
|
|t:|1772752036
|-terastallize|p1a: Reshiram|Fire
|move|p1a: Reshiram|Flare Blitz|p2a: Reuniclus
|-damage|p2a: Reuniclus|89/337
|-damage|p1a: Reshiram|195/277|[from] Recoil
|move|p2a: Reuniclus|Psychic|p1a: Reshiram
|-damage|p1a: Reshiram|57/277
|
|upkeep
|turn|21
|
|t:|1772752081
|move|p1a: Reshiram|Flare Blitz|p2a: Reuniclus
|-damage|p2a: Reuniclus|0 fnt
|faint|p2a: Reuniclus
|-damage|p1a: Reshiram|28/277|[from] Recoil
|
|upkeep
|
|t:|1772752084
|switch|p2a: Solgaleo|Solgaleo, L74|225/325
|turn|22
|
|t:|1772752098
|move|p1a: Reshiram|Flare Blitz|p2a: Solgaleo
|-supereffective|p2a: Solgaleo
|-crit|p2a: Solgaleo
|-damage|p2a: Solgaleo|0 fnt
|-damage|p1a: Reshiram|0 fnt|[from] item: Rocky Helmet|[of] p2a: Solgaleo
|faint|p2a: Solgaleo
|faint|p1a: Reshiram
|
|upkeep
|
|t:|1772752103
|switch|p2a: Zekrom|Zekrom, L71|259/259
|switch|p1a: Arceus|Arceus-Ground, L70|284/284
|-activate|p1a: Arceus|move: Sticky Web
|-unboost|p1a: Arceus|spe|1
|-ability|p2a: Zekrom|Teravolt
|turn|23
|
|t:|1772752150
|-terastallize|p2a: Zekrom|Grass
|move|p2a: Zekrom|Dragon Dance|p2a: Zekrom
|-boost|p2a: Zekrom|atk|1
|-boost|p2a: Zekrom|spe|1
|move|p1a: Arceus|Judgment|p2a: Zekrom
|-resisted|p2a: Zekrom
|-damage|p2a: Zekrom|203/259
|
|-heal|p2a: Zekrom|219/259|[from] item: Leftovers
|upkeep
|turn|24
|
|t:|1772752161
|move|p2a: Zekrom|Outrage|p1a: Arceus
|-damage|p1a: Arceus|89/284
|move|p1a: Arceus|Ice Beam|p2a: Zekrom
|-supereffective|p2a: Zekrom
|-damage|p2a: Zekrom|113/259
|
|-heal|p2a: Zekrom|129/259|[from] item: Leftovers
|upkeep
|turn|25
|j| big hiro 6
|
|t:|1772752167
|move|p2a: Zekrom|Outrage|p1a: Arceus|[from] lockedmove
|-damage|p1a: Arceus|0 fnt
|faint|p1a: Arceus
|
|win|Longing for fire
|c|☆aagarocks|gg
|c|☆Longing for fire|gg
