|j|☆Kskwissv
|j|☆licrisis
|t:|1776973365
|gametype|singles
|player|p1|Kskwissv|101|1000
|player|p2|licrisis|265|1000
|gen|9
|tier|[Gen 9] Random Battle
|rated|
|rule|Species Clause: Limit one of each Pokémon
|rule|HP Percentage Mod: HP is shown in percentages
|rule|Sleep Clause Mod: Limit one foe put to sleep
|rule|Illusion Level Mod: Illusion disguises the Pokémon's true level
|
|t:|1776973365
|teamsize|p1|6
|teamsize|p2|6
|start
|switch|p1a: Cramorant|Cramorant, L86, M|261/261
|switch|p2a: Scrafty|Scrafty, L83, F|244/244
|-ability|p2a: Scrafty|Intimidate|boost
|-unboost|p1a: Cramorant|atk|1
|turn|1
|
|t:|1776973376
|move|p1a: Cramorant|Brave Bird|p2a: Scrafty
|-supereffective|p2a: Scrafty
|-damage|p2a: Scrafty|118/244
|-damage|p1a: Cramorant|219/261|[from] Recoil
|move|p2a: Scrafty|Drain Punch|p1a: Cramorant
|-resisted|p1a: Cramorant
|-damage|p1a: Cramorant|168/261
|-heal|p2a: Scrafty|144/244|[from] drain|[of] p1a: Cramorant
|
|-heal|p2a: Scrafty|159/244|[from] item: Leftovers
|upkeep
|turn|2
|
|t:|1776973390
|move|p1a: Cramorant|Brave Bird|p2a: Scrafty
|-supereffective|p2a: Scrafty
|-damage|p2a: Scrafty|25/244
|-damage|p1a: Cramorant|124/261|[from] Recoil
|move|p2a: Scrafty|Poison Jab|p1a: Cramorant
|-damage|p1a: Cramorant|48/261
|
|-heal|p2a: Scrafty|40/244|[from] item: Leftovers
|upkeep
|turn|3
|
|t:|1776973401
|move|p1a: Cramorant|Surf|p2a: Scrafty
|-formechange|p1a: Cramorant|Cramorant-Gorging|
|-damage|p2a: Scrafty|0 fnt
|faint|p2a: Scrafty
|
|upkeep
|
|t:|1776973412
|switch|p2a: Clawitzer|Clawitzer, L87, M|265/265
|turn|4
|
|t:|1776973419
|move|p1a: Cramorant|Brave Bird|p2a: Clawitzer
|-damage|p2a: Clawitzer|192/265
|-damage|p1a: Cramorant|24/261|[from] Recoil
|move|p2a: Clawitzer|Water Pulse|p1a: Cramorant
|-resisted|p1a: Cramorant
|-damage|p1a: Cramorant|0 fnt
|-damage|p2a: Clawitzer|126/265|[from] ability: Gulp Missile|[of] p1a: Cramorant
|-status|p2a: Clawitzer|par
|-formechange|p1a: Cramorant|Cramorant|
|faint|p1a: Cramorant
|
|upkeep
|
|t:|1776973427
|switch|p1a: Primarina|Primarina, L83, F|268/268
|turn|5
|
|t:|1776973439
|switch|p2a: Enamorus|Enamorus, L79, F|247/247
|move|p1a: Primarina|Calm Mind|p1a: Primarina
|-boost|p1a: Primarina|spa|1
|-boost|p1a: Primarina|spd|1
|
|upkeep
|turn|6
|
|t:|1776973447
|move|p2a: Enamorus|Mystical Fire|p1a: Primarina
|-resisted|p1a: Primarina
|-damage|p1a: Primarina|252/268
|-unboost|p1a: Primarina|spa|1
|move|p1a: Primarina|Calm Mind|p1a: Primarina
|-boost|p1a: Primarina|spa|1
|-boost|p1a: Primarina|spd|1
|
|-heal|p1a: Primarina|268/268|[from] item: Leftovers
|upkeep
|turn|7
|
|t:|1776973458
|move|p2a: Enamorus|Earth Power|p1a: Primarina
|-damage|p1a: Primarina|237/268
|move|p1a: Primarina|Calm Mind|p1a: Primarina
|-boost|p1a: Primarina|spa|1
|-boost|p1a: Primarina|spd|1
|
|-heal|p1a: Primarina|253/268|[from] item: Leftovers
|upkeep
|turn|8
|
|t:|1776973469
|move|p2a: Enamorus|Calm Mind|p2a: Enamorus
|-boost|p2a: Enamorus|spa|1
|-boost|p2a: Enamorus|spd|1
|move|p1a: Primarina|Moonblast|p2a: Enamorus
|-damage|p2a: Enamorus|51/247
|
|-heal|p1a: Primarina|268/268|[from] item: Leftovers
|upkeep
|turn|9
|
|t:|1776973480
|-terastallize|p2a: Enamorus|Ground
|move|p2a: Enamorus|Earth Power|p1a: Primarina
|-damage|p1a: Primarina|213/268
|move|p1a: Primarina|Moonblast|p2a: Enamorus
|-damage|p2a: Enamorus|0 fnt
|faint|p2a: Enamorus
|
|-heal|p1a: Primarina|229/268|[from] item: Leftovers
|upkeep
|
|t:|1776973491
|switch|p2a: Latios|Latios, L78, M|253/253
|turn|10
|
|t:|1776973499
|move|p2a: Latios|Draco Meteor|p1a: Primarina
|-immune|p1a: Primarina
|move|p1a: Primarina|Draining Kiss|p2a: Latios
|-supereffective|p2a: Latios
|-damage|p2a: Latios|19/253
|-heal|p1a: Primarina|268/268|[from] drain|[of] p2a: Latios
|
|upkeep
|turn|11
|
|t:|1776973508
|move|p2a: Latios|Recover|p2a: Latios
|-heal|p2a: Latios|146/253
|move|p1a: Primarina|Calm Mind|p1a: Primarina
|-boost|p1a: Primarina|spa|1
|-boost|p1a: Primarina|spd|1
|
|upkeep
|turn|12
|
|t:|1776973519
|move|p2a: Latios|Psyshock|p1a: Primarina
|-damage|p1a: Primarina|150/268
|move|p1a: Primarina|Draining Kiss|p2a: Latios
|-supereffective|p2a: Latios
|-damage|p2a: Latios|0 fnt
|-heal|p1a: Primarina|260/268|[from] drain|[of] p2a: Latios
|faint|p2a: Latios
|
|-heal|p1a: Primarina|268/268|[from] item: Leftovers
|upkeep
|inactive|Battle timer is ON: inactive players will automatically lose when time's up. (requested by Kskwissv)
|inactive|licrisis has 120 seconds left.
|inactive|licrisis has 90 seconds left.
|inactive|licrisis has 60 seconds left.
|l|☆licrisis
|inactive|licrisis disconnected and has a minute to reconnect!
|player|p2|
|inactive|licrisis has 30 seconds left.
|inactive|licrisis has 20 seconds left.
|inactive|licrisis has 15 seconds left.
|inactive|licrisis has 10 seconds left.
|inactive|licrisis has 5 seconds left.
|-message|licrisis lost due to inactivity.
|
|win|Kskwissv
|raw|Kskwissv's rating: 1000 &rarr; <strong>1040</strong><br />(+40 for winning)
|raw|licrisis's rating: 1000 &rarr; <strong>1000</strong><br />(+0 for losing)
