|j|☆KAMMUY
|j|☆vfbdfbvcgfnvbngn
|t:|1776979501
|gametype|singles
|player|p1|KAMMUY|skyla|1128
|player|p2|vfbdfbvcgfnvbngn|102|1174
|gen|9
|tier|[Gen 9] Random Battle
|rated|
|rule|Species Clause: Limit one of each Pokémon
|rule|HP Percentage Mod: HP is shown in percentages
|rule|Sleep Clause Mod: Limit one foe put to sleep
|rule|Illusion Level Mod: Illusion disguises the Pokémon's true level
|
|t:|1776979501
|teamsize|p1|6
|teamsize|p2|6
|start
|switch|p1a: Sandy Shocks|Sandy Shocks, L80|267/267
|switch|p2a: Gurdurr|Gurdurr, L85, M|283/283
|turn|1
|
|t:|1776979535
|move|p1a: Sandy Shocks|Stealth Rock|p2a: Gurdurr
|-sidestart|p2: vfbdfbvcgfnvbngn|move: Stealth Rock
|move|p2a: Gurdurr|Knock Off|p1a: Sandy Shocks
|-damage|p1a: Sandy Shocks|195/267
|-enditem|p1a: Sandy Shocks|Leftovers|[from] move: Knock Off|[of] p2a: Gurdurr
|
|upkeep
|turn|2
|
|t:|1776979556
|move|p1a: Sandy Shocks|Spikes|p2a: Gurdurr
|-sidestart|p2: vfbdfbvcgfnvbngn|Spikes
|move|p2a: Gurdurr|Drain Punch|p1a: Sandy Shocks
|-damage|p1a: Sandy Shocks|113/267
|
|upkeep
|turn|3
|
|t:|1776979579
|move|p1a: Sandy Shocks|Spikes|p2a: Gurdurr
|-sidestart|p2: vfbdfbvcgfnvbngn|Spikes
|move|p2a: Gurdurr|Drain Punch|p1a: Sandy Shocks
|-damage|p1a: Sandy Shocks|25/267
|
|upkeep
|turn|4
|
|t:|1776979599
|move|p2a: Gurdurr|Mach Punch|p1a: Sandy Shocks
|-crit|p1a: Sandy Shocks
|-damage|p1a: Sandy Shocks|0 fnt
|faint|p1a: Sandy Shocks
|-end|p1a: Sandy Shocks|Protosynthesis|[silent]
|
|upkeep
|
|t:|1776979621
|switch|p1a: Raichu|Raichu-Alola, L87, F|246/246
|turn|5
|
|t:|1776979628
|move|p1a: Raichu|Psyshock|p2a: Gurdurr
|-supereffective|p2a: Gurdurr
|-damage|p2a: Gurdurr|119/283
|-damage|p1a: Raichu|222/246|[from] item: Life Orb
|move|p2a: Gurdurr|Knock Off|p1a: Raichu
|-supereffective|p1a: Raichu
|-damage|p1a: Raichu|4/246
|-enditem|p1a: Raichu|Life Orb|[from] move: Knock Off|[of] p2a: Gurdurr
|
|upkeep
|turn|6
|
|t:|1776979638
|move|p2a: Gurdurr|Mach Punch|p1a: Raichu
|-resisted|p1a: Raichu
|-damage|p1a: Raichu|0 fnt
|faint|p1a: Raichu
|
|upkeep
|
|t:|1776979644
|switch|p1a: Politoed|Politoed, L88, F|302/302
|-weather|RainDance|[from] ability: Drizzle|[of] p1a: Politoed
|turn|7
|
|t:|1776979652
|move|p1a: Politoed|Ice Beam|p2a: Gurdurr
|-damage|p2a: Gurdurr|54/283
|move|p2a: Gurdurr|Knock Off|p1a: Politoed
|-damage|p1a: Politoed|221/302
|-enditem|p1a: Politoed|Chesto Berry|[from] move: Knock Off|[of] p2a: Gurdurr
|
|-weather|RainDance|[upkeep]
|upkeep
|turn|8
|
|t:|1776979666
|move|p2a: Gurdurr|Mach Punch|p1a: Politoed
|-damage|p1a: Politoed|169/302
|move|p1a: Politoed|Surf|p2a: Gurdurr
|-damage|p2a: Gurdurr|0 fnt
|faint|p2a: Gurdurr
|
|-weather|RainDance|[upkeep]
|upkeep
|
|t:|1776979669
|switch|p2a: Indeedee|Indeedee, L84, M|238/238
|-damage|p2a: Indeedee|209/238|[from] Stealth Rock
|-damage|p2a: Indeedee|170/238|[from] Spikes
|-fieldstart|move: Psychic Terrain|[from] ability: Psychic Surge|[of] p2a: Indeedee
|turn|9
|
|t:|1776979692
|move|p2a: Indeedee|Expanding Force|p1a: Politoed
|-damage|p1a: Politoed|28/302
|move|p1a: Politoed|Hypnosis|p2a: Indeedee|[miss]
|-miss|p1a: Politoed|p2a: Indeedee
|
|-weather|RainDance|[upkeep]
|upkeep
|turn|10
|
|t:|1776979710
|move|p2a: Indeedee|Expanding Force|p1a: Politoed
|-damage|p1a: Politoed|0 fnt
|faint|p1a: Politoed
|
|-weather|RainDance|[upkeep]
|upkeep
|
|t:|1776979715
|switch|p1a: Meloetta|Meloetta, L82|298/298
|turn|11
|
|t:|1776979721
|move|p2a: Indeedee|Expanding Force|p1a: Meloetta
|-resisted|p1a: Meloetta
|-damage|p1a: Meloetta|235/298
|move|p1a: Meloetta|Calm Mind|p1a: Meloetta
|-boost|p1a: Meloetta|spa|1
|-boost|p1a: Meloetta|spd|1
|
|-weather|none
|upkeep
|turn|12
|
|t:|1776979735
|switch|p2a: Grimmsnarl|Grimmsnarl, L83, M|293/293
|-damage|p2a: Grimmsnarl|257/293|[from] Stealth Rock
|-damage|p2a: Grimmsnarl|209/293|[from] Spikes
|move|p1a: Meloetta|Hyper Voice|p2a: Grimmsnarl
|-damage|p2a: Grimmsnarl|0 fnt
|faint|p2a: Grimmsnarl
|-damage|p1a: Meloetta|206/298|[from] item: Life Orb
|
|upkeep
|
|t:|1776979738
|switch|p2a: Zamazenta|Zamazenta, L71|248/248
|-damage|p2a: Zamazenta|233/248|[from] Stealth Rock
|-damage|p2a: Zamazenta|192/248|[from] Spikes
|-ability|p2a: Zamazenta|Dauntless Shield|boost
|-boost|p2a: Zamazenta|def|1
|turn|13
|
|t:|1776979750
|move|p2a: Zamazenta|Close Combat|p1a: Meloetta
|-damage|p1a: Meloetta|37/298
|-unboost|p2a: Zamazenta|def|1
|-unboost|p2a: Zamazenta|spd|1
|move|p1a: Meloetta|Psyshock|p2a: Zamazenta
|-supereffective|p2a: Zamazenta
|-damage|p2a: Zamazenta|0 fnt
|faint|p2a: Zamazenta
|-damage|p1a: Meloetta|8/298|[from] item: Life Orb
|
|-fieldend|move: Psychic Terrain
|upkeep
|
|t:|1776979753
|switch|p2a: Indeedee|Indeedee, L84, M|170/238
|-damage|p2a: Indeedee|141/238|[from] Stealth Rock
|-damage|p2a: Indeedee|102/238|[from] Spikes
|-fieldstart|move: Psychic Terrain|[from] ability: Psychic Surge|[of] p2a: Indeedee
|turn|14
|
|t:|1776979766
|move|p2a: Indeedee|Expanding Force|p1a: Meloetta
|-resisted|p1a: Meloetta
|-damage|p1a: Meloetta|0 fnt
|faint|p1a: Meloetta
|
|upkeep
|
|t:|1776979772
|switch|p1a: Cobalion|Cobalion, L80|277/277
|turn|15
|
|t:|1776979784
|-terastallize|p2a: Indeedee|Psychic
|move|p2a: Indeedee|Expanding Force|p1a: Cobalion
|-damage|p1a: Cobalion|17/277
|move|p1a: Cobalion|Flash Cannon|p2a: Indeedee
|-damage|p2a: Indeedee|33/238
|
|-heal|p1a: Cobalion|34/277|[from] item: Leftovers
|upkeep
|turn|16
|
|t:|1776979794
|move|p2a: Indeedee|Expanding Force|p1a: Cobalion
|-damage|p1a: Cobalion|0 fnt
|faint|p1a: Cobalion
|
|upkeep
|
|t:|1776979799
|switch|p1a: Cinccino|Cinccino, L83, M|260/260
|turn|17
|
|t:|1776979805
|move|p2a: Indeedee|Expanding Force|p1a: Cinccino
|-damage|p1a: Cinccino|0 fnt
|faint|p1a: Cinccino
|
|win|vfbdfbvcgfnvbngn
|raw|KAMMUY's rating: 1128 &rarr; <strong>1108</strong><br />(-20 for losing)
|raw|vfbdfbvcgfnvbngn's rating: 1200 &rarr; <strong>1220</strong><br />(+20 for winning)
|l|☆KAMMUY
|player|p1|
