|j|☆adrineitor08
|j|☆MyriadRivers
|t:|1772751857
|gametype|singles
|player|p1|adrineitor08|170|2066
|player|p2|MyriadRivers|miku-ice|2109
|gen|9
|tier|[Gen 9] Random Battle
|rated|
|rule|Species Clause: Limit one of each Pokémon
|rule|HP Percentage Mod: HP is shown in percentages
|rule|Sleep Clause Mod: Limit one foe put to sleep
|rule|Illusion Level Mod: Illusion disguises the Pokémon's true level
|
|t:|1772751857
|teamsize|p1|6
|teamsize|p2|6
|start
|switch|p1a: Iron Moth|Iron Moth, L78|253/253
|switch|p2a: Piloswine|Piloswine, L85, M|309/309
|turn|1
|inactive|Battle timer is ON: inactive players will automatically lose when time's up. (requested by MyriadRivers)
|
|t:|1772751871
|move|p1a: Iron Moth|U-turn|p2a: Piloswine
|-damage|p2a: Piloswine|284/309
|
|t:|1772751876
|-end|p1a: Iron Moth|Quark Drive|[silent]
|switch|p1a: Forretress|Forretress, L84, M|263/263|[from] U-turn
|move|p2a: Piloswine|Stealth Rock|p1a: Forretress
|-sidestart|p1: adrineitor08|move: Stealth Rock
|
|upkeep
|turn|2
|
|t:|1772751883
|switch|p2a: Basculegion|Basculegion-F, L83, F|335/335
|move|p1a: Forretress|Stealth Rock|p2a: Basculegion
|-sidestart|p2: MyriadRivers|move: Stealth Rock
|
|upkeep
|turn|3
|
|t:|1772751893
|move|p2a: Basculegion|Hydro Pump|p1a: Forretress
|-damage|p1a: Forretress|73/263
|move|p1a: Forretress|Spikes|p2a: Basculegion
|-sidestart|p2: MyriadRivers|Spikes
|
|-heal|p1a: Forretress|89/263|[from] item: Leftovers
|upkeep
|turn|4
|
|t:|1772751904
|move|p2a: Basculegion|Shadow Ball|p1a: Forretress
|-damage|p1a: Forretress|0 fnt
|faint|p1a: Forretress
|
|upkeep
|
|t:|1772751909
|switch|p1a: Ogerpon|Ogerpon-Hearthflame, L74, F|239/239
|-damage|p1a: Ogerpon|180/239|[from] Stealth Rock
|-ability|p1a: Ogerpon|Mold Breaker
|turn|5
|
|t:|1772751918
|move|p1a: Ogerpon|Power Whip|p2a: Basculegion
|-supereffective|p2a: Basculegion
|-damage|p2a: Basculegion|0 fnt
|faint|p2a: Basculegion
|
|upkeep
|
|t:|1772751938
|switch|p2a: Snorlax|Snorlax, L82, M|397/397
|-damage|p2a: Snorlax|348/397|[from] Stealth Rock
|-damage|p2a: Snorlax|299/397|[from] Spikes
|turn|6
|
|t:|1772751952
|move|p1a: Ogerpon|Power Whip|p2a: Snorlax
|-damage|p2a: Snorlax|115/397
|move|p2a: Snorlax|Curse|p2a: Snorlax
|-unboost|p2a: Snorlax|spe|1
|-boost|p2a: Snorlax|atk|1
|-boost|p2a: Snorlax|def|1
|
|-heal|p2a: Snorlax|139/397|[from] item: Leftovers
|upkeep
|turn|7
|
|t:|1772751968
|move|p1a: Ogerpon|Power Whip|p2a: Snorlax
|-damage|p2a: Snorlax|18/397
|move|p2a: Snorlax|Body Slam|p1a: Ogerpon
|-damage|p1a: Ogerpon|23/239
|-status|p1a: Ogerpon|par
|
|-heal|p2a: Snorlax|42/397|[from] item: Leftovers
|upkeep
|turn|8
|
|t:|1772751977
|cant|p1a: Ogerpon|par
|move|p2a: Snorlax|Body Slam|p1a: Ogerpon
|-damage|p1a: Ogerpon|0 fnt
|faint|p1a: Ogerpon
|
|-heal|p2a: Snorlax|66/397|[from] item: Leftovers
|upkeep
|
|t:|1772751984
|switch|p1a: Iron Moth|Iron Moth, L78|253/253
|-damage|p1a: Iron Moth|190/253|[from] Stealth Rock
|turn|9
|
|t:|1772751989
|move|p1a: Iron Moth|Sludge Wave|p2a: Snorlax
|-crit|p2a: Snorlax
|-damage|p2a: Snorlax|0 fnt
|faint|p2a: Snorlax
|
|upkeep
|
|t:|1772752000
|switch|p2a: Drifblim|Drifblim, L86, F|396/396
|-damage|p2a: Drifblim|297/396|[from] Stealth Rock
|turn|10
|
|t:|1772752012
|-end|p1a: Iron Moth|Quark Drive|[silent]
|switch|p1a: Kilowattrel|Kilowattrel, L83, F|252/252
|move|p2a: Drifblim|Calm Mind|p2a: Drifblim
|-boost|p2a: Drifblim|spa|1
|-boost|p2a: Drifblim|spd|1
|
|upkeep
|turn|11
|
|t:|1772752018
|move|p1a: Kilowattrel|U-turn|p2a: Drifblim
|-resisted|p2a: Drifblim
|-damage|p2a: Drifblim|283/396
|
|t:|1772752020
|switch|p1a: Smeargle|Smeargle, L95, F|258/258|[from] U-turn
|-damage|p1a: Smeargle|226/258|[from] Stealth Rock
|move|p2a: Drifblim|Calm Mind|p2a: Drifblim
|-boost|p2a: Drifblim|spa|1
|-boost|p2a: Drifblim|spd|1
|
|upkeep
|turn|12
|
|t:|1772752032
|move|p1a: Smeargle|Spore|p2a: Drifblim
|-status|p2a: Drifblim|slp|[from] move: Spore
|cant|p2a: Drifblim|slp
|
|upkeep
|turn|13
|
|t:|1772752041
|switch|p2a: Piloswine|Piloswine, L85, M|284/309
|-damage|p2a: Piloswine|246/309|[from] Stealth Rock
|-damage|p2a: Piloswine|208/309|[from] Spikes
|move|p1a: Smeargle|Sticky Web|p2a: Piloswine
|-sidestart|p2: MyriadRivers|move: Sticky Web
|
|upkeep
|turn|14
|
|t:|1772752051
|move|p1a: Smeargle|Ceaseless Edge|p2a: Piloswine
|-damage|p2a: Piloswine|190/309
|-sidestart|p2: MyriadRivers|Spikes
|move|p2a: Piloswine|Icicle Crash|p1a: Smeargle
|-damage|p1a: Smeargle|72/258
|
|upkeep
|turn|15
|
|t:|1772752057
|move|p2a: Piloswine|Ice Shard|p1a: Smeargle
|-damage|p1a: Smeargle|0 fnt
|faint|p1a: Smeargle
|
|upkeep
|
|t:|1772752063
|switch|p1a: Iron Moth|Iron Moth, L78|190/253
|-damage|p1a: Iron Moth|127/253|[from] Stealth Rock
|turn|16
|
|t:|1772752074
|-terastallize|p2a: Piloswine|Poison
|move|p1a: Iron Moth|Fire Blast|p2a: Piloswine|[miss]
|-miss|p1a: Iron Moth|p2a: Piloswine
|move|p2a: Piloswine|Earthquake|p1a: Iron Moth
|-supereffective|p1a: Iron Moth
|-damage|p1a: Iron Moth|0 fnt
|faint|p1a: Iron Moth
|-end|p1a: Iron Moth|Quark Drive|[silent]
|
|upkeep
|
|t:|1772752083
|switch|p1a: Kilowattrel|Kilowattrel, L83, F|252/252
|turn|17
|
|t:|1772752089
|-terastallize|p1a: Kilowattrel|Water
|move|p1a: Kilowattrel|Discharge|p2a: Piloswine
|-damage|p2a: Piloswine|114/309
|move|p2a: Piloswine|Icicle Crash|p1a: Kilowattrel
|-resisted|p1a: Kilowattrel
|-damage|p1a: Kilowattrel|192/252
|
|upkeep
|turn|18
|
|t:|1772752097
|move|p1a: Kilowattrel|Discharge|p2a: Piloswine
|-damage|p2a: Piloswine|29/309
|-status|p2a: Piloswine|par
|move|p2a: Piloswine|Earthquake|p1a: Kilowattrel
|-damage|p1a: Kilowattrel|38/252
|
|upkeep
|turn|19
|
|t:|1772752105
|cant|p2a: Piloswine|par
|move|p1a: Kilowattrel|Roost|p1a: Kilowattrel
|-heal|p1a: Kilowattrel|164/252
|
|upkeep
|turn|20
|
|t:|1772752110
|move|p1a: Kilowattrel|Discharge|p2a: Piloswine
|-damage|p2a: Piloswine|0 fnt
|faint|p2a: Piloswine
|
|upkeep
|
|t:|1772752126
|switch|p2a: Primarina|Primarina, L83, M|268/268
|-damage|p2a: Primarina|235/268|[from] Stealth Rock
|-damage|p2a: Primarina|191/268|[from] Spikes
|-activate|p2a: Primarina|move: Sticky Web
|-unboost|p2a: Primarina|spe|1
|turn|21
|
|t:|1772752139
|move|p1a: Kilowattrel|Discharge|p2a: Primarina
|-supereffective|p2a: Primarina
|-damage|p2a: Primarina|57/268
|move|p2a: Primarina|Moonblast|p1a: Kilowattrel
|-damage|p1a: Kilowattrel|0 fnt
|faint|p1a: Kilowattrel
|
|-heal|p2a: Primarina|73/268|[from] item: Leftovers
|upkeep
|
|t:|1772752144
|switch|p1a: Scream Tail|Scream Tail, L84|330/330
|-damage|p1a: Scream Tail|289/330|[from] Stealth Rock
|turn|22
|
|t:|1772752153
|move|p1a: Scream Tail|Play Rough|p2a: Primarina
|-damage|p2a: Primarina|0 fnt
|faint|p2a: Primarina
|
|-heal|p1a: Scream Tail|309/330|[from] item: Leftovers
|upkeep
|inactive|MyriadRivers has 120 seconds left.
|
|t:|1772752192
|switch|p2a: Drifblim|Drifblim, L86, F|283/396 slp
|-damage|p2a: Drifblim|184/396 slp|[from] Stealth Rock
|-enditem|p2a: Drifblim|Sitrus Berry|[eat]
|-heal|p2a: Drifblim|283/396 slp|[from] item: Sitrus Berry
|turn|23
|inactive|MyriadRivers has 120 seconds left.
|
|t:|1772752200
|-curestatus|p2a: Drifblim|slp|[msg]
|move|p2a: Drifblim|Calm Mind|p2a: Drifblim
|-boost|p2a: Drifblim|spa|1
|-boost|p2a: Drifblim|spd|1
|move|p1a: Scream Tail|Play Rough|p2a: Drifblim
|-damage|p2a: Drifblim|165/396
|
|-heal|p1a: Scream Tail|329/330|[from] item: Leftovers
|upkeep
|turn|24
|
|t:|1772752209
|move|p2a: Drifblim|Shadow Ball|p1a: Scream Tail
|-supereffective|p1a: Scream Tail
|-damage|p1a: Scream Tail|137/330
|move|p1a: Scream Tail|Encore|p2a: Drifblim
|-start|p2a: Drifblim|Encore
|
|-heal|p1a: Scream Tail|157/330|[from] item: Leftovers
|upkeep
|turn|25
|
|t:|1772752216
|move|p1a: Scream Tail|Protect|p1a: Scream Tail
|-singleturn|p1a: Scream Tail|Protect
|move|p2a: Drifblim|Shadow Ball|p1a: Scream Tail
|-activate|p1a: Scream Tail|move: Protect
|
|-heal|p1a: Scream Tail|177/330|[from] item: Leftovers
|upkeep
|turn|26
|
|t:|1772752224
|move|p2a: Drifblim|Shadow Ball|p1a: Scream Tail
|-supereffective|p1a: Scream Tail
|-damage|p1a: Scream Tail|0 fnt
|faint|p1a: Scream Tail
|-end|p1a: Scream Tail|Protosynthesis|[silent]
|
|win|MyriadRivers
|raw|adrineitor08's rating: 2066 &rarr; <strong>2048</strong><br />(-18 for losing)
|raw|MyriadRivers's rating: 2109 &rarr; <strong>2127</strong><br />(+18 for winning)
|l|☆adrineitor08
|player|p1|
