|j|☆player6130
|j|☆darcy babydoll
|t:|1772748031
|gametype|singles
|player|p1|player6130|170|1197
|player|p2|darcy babydoll|sabrina-lgpe|1230
|gen|9
|tier|[Gen 9] Random Battle
|rated|
|rule|Species Clause: Limit one of each Pokémon
|rule|HP Percentage Mod: HP is shown in percentages
|rule|Sleep Clause Mod: Limit one foe put to sleep
|rule|Illusion Level Mod: Illusion disguises the Pokémon's true level
|
|t:|1772748031
|teamsize|p1|6
|teamsize|p2|6
|start
|switch|p1a: Klawf|Klawf, L90, F|272/272
|switch|p2a: Solgaleo|Solgaleo, L74|325/325
|turn|1
|
|t:|1772748059
|switch|p2a: Hippowdon|Hippowdon, L82, M|311/311
|-weather|Sandstorm|[from] ability: Sand Stream|[of] p2a: Hippowdon
|move|p1a: Klawf|Knock Off|p2a: Hippowdon
|-damage|p2a: Hippowdon|229/311
|-enditem|p2a: Hippowdon|Leftovers|[from] move: Knock Off|[of] p1a: Klawf
|-damage|p1a: Klawf|245/272|[from] item: Life Orb
|
|-weather|Sandstorm|[upkeep]
|upkeep
|turn|2
|
|t:|1772748073
|move|p1a: Klawf|Crabhammer|p2a: Hippowdon
|-supereffective|p2a: Hippowdon
|-damage|p2a: Hippowdon|39/311
|-damage|p1a: Klawf|218/272|[from] item: Life Orb
|move|p2a: Hippowdon|Curse|p2a: Hippowdon
|-unboost|p2a: Hippowdon|spe|1
|-boost|p2a: Hippowdon|atk|1
|-boost|p2a: Hippowdon|def|1
|
|-weather|Sandstorm|[upkeep]
|upkeep
|turn|3
|
|t:|1772748097
|move|p1a: Klawf|Crabhammer|p2a: Hippowdon
|-supereffective|p2a: Hippowdon
|-damage|p2a: Hippowdon|0 fnt
|faint|p2a: Hippowdon
|-damage|p1a: Klawf|191/272|[from] item: Life Orb
|
|-weather|Sandstorm|[upkeep]
|upkeep
|
|t:|1772748106
|switch|p2a: Solgaleo|Solgaleo, L74|325/325
|turn|4
|
|t:|1772748111
|move|p2a: Solgaleo|Close Combat|p1a: Klawf
|-supereffective|p1a: Klawf
|-damage|p1a: Klawf|59/272
|-unboost|p2a: Solgaleo|def|1
|-unboost|p2a: Solgaleo|spd|1
|move|p1a: Klawf|Knock Off|p2a: Solgaleo
|-supereffective|p2a: Solgaleo
|-damage|p2a: Solgaleo|0 fnt
|-enditem|p2a: Solgaleo|Leftovers|[from] move: Knock Off|[of] p1a: Klawf
|faint|p2a: Solgaleo
|-damage|p1a: Klawf|32/272|[from] item: Life Orb
|
|-weather|Sandstorm|[upkeep]
|upkeep
|
|t:|1772748127
|switch|p2a: Sneasler|Sneasler, L74, M|240/240
|turn|5
|
|t:|1772748133
|move|p2a: Sneasler|Close Combat|p1a: Klawf
|-supereffective|p1a: Klawf
|-damage|p1a: Klawf|0 fnt
|-unboost|p2a: Sneasler|def|1
|-unboost|p2a: Sneasler|spd|1
|faint|p1a: Klawf
|-enditem|p2a: Sneasler|White Herb
|-clearnegativeboost|p2a: Sneasler|[silent]
|
|-weather|none
|upkeep
|
|t:|1772748151
|switch|p1a: Mew|Mew, L82|298/298
|turn|6
|
|t:|1772748161
|switch|p2a: Klefki|Klefki, L84, F|233/233
|move|p1a: Mew|Swords Dance|p1a: Mew
|-boost|p1a: Mew|atk|2
|
|upkeep
|turn|7
|
|t:|1772748169
|move|p1a: Mew|Close Combat|p2a: Klefki
|-damage|p2a: Klefki|38/233
|-unboost|p1a: Mew|def|1
|-unboost|p1a: Mew|spd|1
|-damage|p1a: Mew|269/298|[from] item: Life Orb
|move|p2a: Klefki|Foul Play|p1a: Mew
|-supereffective|p1a: Mew
|-damage|p1a: Mew|0 fnt
|faint|p1a: Mew
|
|-heal|p2a: Klefki|52/233|[from] item: Leftovers
|upkeep
|
|t:|1772748173
|switch|p1a: Porygon-Z|Porygon-Z, L83|277/277
|-ability|p1a: Porygon-Z|Download|boost
|-boost|p1a: Porygon-Z|spa|1
|turn|8
|
|t:|1772748185
|move|p2a: Klefki|Thunder Wave|p1a: Porygon-Z
|-status|p1a: Porygon-Z|par
|move|p1a: Porygon-Z|Tri Attack|p2a: Klefki
|-resisted|p2a: Klefki
|-damage|p2a: Klefki|0 fnt
|faint|p2a: Klefki
|-damage|p1a: Porygon-Z|250/277 par|[from] item: Life Orb
|
|upkeep
|
|t:|1772748193
|switch|p2a: Sneasler|Sneasler, L74, M|240/240
|turn|9
|
|t:|1772748202
|move|p2a: Sneasler|Swords Dance|p2a: Sneasler
|-boost|p2a: Sneasler|atk|2
|move|p1a: Porygon-Z|Thunderbolt|p2a: Sneasler
|-damage|p2a: Sneasler|48/240
|-status|p2a: Sneasler|par
|-damage|p1a: Porygon-Z|223/277 par|[from] item: Life Orb
|
|upkeep
|turn|10
|
|t:|1772748209
|cant|p2a: Sneasler|par
|move|p1a: Porygon-Z|Thunderbolt|p2a: Sneasler
|-damage|p2a: Sneasler|0 fnt
|faint|p2a: Sneasler
|-damage|p1a: Porygon-Z|196/277 par|[from] item: Life Orb
|
|upkeep
|
|t:|1772748222
|switch|p2a: Spidops|Spidops, L96, F|271/271
|turn|11
|
|t:|1772748226
|move|p2a: Spidops|Sticky Web|p1a: Porygon-Z
|-sidestart|p1: player6130|move: Sticky Web
|cant|p1a: Porygon-Z|par
|
|upkeep
|turn|12
|
|t:|1772748237
|move|p2a: Spidops|Toxic Spikes|p1a: Porygon-Z
|-sidestart|p1: player6130|move: Toxic Spikes
|move|p1a: Porygon-Z|Tri Attack|p2a: Spidops
|-damage|p2a: Spidops|80/271
|-damage|p1a: Porygon-Z|169/277 par|[from] item: Life Orb
|
|upkeep
|turn|13
|
|t:|1772748246
|move|p2a: Spidops|Toxic Spikes|p1a: Porygon-Z
|-sidestart|p1: player6130|move: Toxic Spikes
|move|p1a: Porygon-Z|Tri Attack|p2a: Spidops
|-damage|p2a: Spidops|0 fnt
|faint|p2a: Spidops
|-damage|p1a: Porygon-Z|142/277 par|[from] item: Life Orb
|
|upkeep
|
|t:|1772748253
|switch|p2a: Azumarill|Azumarill, L82, F|298/298
|turn|14
|
|t:|1772748260
|move|p2a: Azumarill|Knock Off|p1a: Porygon-Z
|-damage|p1a: Porygon-Z|0 fnt
|-enditem|p1a: Porygon-Z|Life Orb|[from] move: Knock Off|[of] p2a: Azumarill
|faint|p1a: Porygon-Z
|
|upkeep
|
|t:|1772748271
|switch|p1a: Skuntank|Skuntank, L84, F|310/310
|-activate|p1a: Skuntank|move: Sticky Web
|-unboost|p1a: Skuntank|spe|1
|-sideend|p1: player6130|move: Toxic Spikes|[of] p1a: Skuntank
|turn|15
|
|t:|1772748276
|move|p2a: Azumarill|Knock Off|p1a: Skuntank
|-resisted|p1a: Skuntank
|-damage|p1a: Skuntank|232/310
|-enditem|p1a: Skuntank|Life Orb|[from] move: Knock Off|[of] p2a: Azumarill
|move|p1a: Skuntank|Gunk Shot|p2a: Azumarill
|-supereffective|p2a: Azumarill
|-damage|p2a: Azumarill|4/298
|
|upkeep
|turn|16
|-message|darcy babydoll forfeited.
|
|win|player6130
|raw|player6130's rating: 1197 &rarr; <strong>1224</strong><br />(+27 for winning)
|raw|darcy babydoll's rating: 1230 &rarr; <strong>1203</strong><br />(-27 for losing)
|l|☆darcy babydoll
|player|p2|
