|j|☆yourgonnaragequit
|j|☆ProKameron
|t:|1772747023
|gametype|singles
|player|p1|yourgonnaragequit|blue|1275
|player|p2|ProKameron|rhi|1238
|gen|9
|tier|[Gen 9] Random Battle
|rated|
|rule|Species Clause: Limit one of each Pokémon
|rule|HP Percentage Mod: HP is shown in percentages
|rule|Sleep Clause Mod: Limit one foe put to sleep
|rule|Illusion Level Mod: Illusion disguises the Pokémon's true level
|
|t:|1772747023
|teamsize|p1|6
|teamsize|p2|6
|start
|switch|p1a: Coalossal|Coalossal, L89, M|341/341
|switch|p2a: Mismagius|Mismagius, L86, F|243/243
|turn|1
|inactive|Battle timer is ON: inactive players will automatically lose when time's up. (requested by ProKameron)
|
|t:|1772747039
|move|p2a: Mismagius|Trick|p1a: Coalossal
|-activate|p2a: Mismagius|move: Trick|[of] p1a: Coalossal
|-item|p1a: Coalossal|Choice Specs|[from] move: Trick
|-item|p2a: Mismagius|Heavy-Duty Boots|[from] move: Trick
|move|p1a: Coalossal|Stealth Rock|p2a: Mismagius
|-sidestart|p2: ProKameron|move: Stealth Rock
|
|upkeep
|turn|2
|
|t:|1772747064
|switch|p1a: Eelektross|Eelektross, L87, M|290/290
|move|p2a: Mismagius|Dazzling Gleam|p1a: Eelektross
|-damage|p1a: Eelektross|219/290
|
|-heal|p1a: Eelektross|237/290|[from] item: Leftovers
|upkeep
|turn|3
|
|t:|1772747079
|switch|p2a: Iron Valiant|Iron Valiant, L78|244/244
|-damage|p2a: Iron Valiant|229/244|[from] Stealth Rock
|move|p1a: Eelektross|Coil|p1a: Eelektross
|-boost|p1a: Eelektross|atk|1
|-boost|p1a: Eelektross|def|1
|-boost|p1a: Eelektross|accuracy|1
|
|-heal|p1a: Eelektross|255/290|[from] item: Leftovers
|upkeep
|turn|4
|
|t:|1772747096
|move|p2a: Iron Valiant|Encore|p1a: Eelektross
|-start|p1a: Eelektross|Encore
|move|p1a: Eelektross|Coil|p1a: Eelektross
|-boost|p1a: Eelektross|atk|1
|-boost|p1a: Eelektross|def|1
|-boost|p1a: Eelektross|accuracy|1
|
|-heal|p1a: Eelektross|273/290|[from] item: Leftovers
|upkeep
|turn|5
|
|t:|1772747103
|move|p2a: Iron Valiant|Moonblast|p1a: Eelektross
|-crit|p1a: Eelektross
|-damage|p1a: Eelektross|74/290
|-damage|p2a: Iron Valiant|205/244|[from] item: Life Orb
|move|p1a: Eelektross|Coil|p1a: Eelektross
|-boost|p1a: Eelektross|atk|1
|-boost|p1a: Eelektross|def|1
|-boost|p1a: Eelektross|accuracy|1
|
|-heal|p1a: Eelektross|92/290|[from] item: Leftovers
|upkeep
|turn|6
|
|t:|1772747113
|switch|p1a: Coalossal|Coalossal, L89, M|341/341
|move|p2a: Iron Valiant|Moonblast|p1a: Coalossal
|-resisted|p1a: Coalossal
|-damage|p1a: Coalossal|277/341
|-unboost|p1a: Coalossal|spa|1
|-damage|p2a: Iron Valiant|181/244|[from] item: Life Orb
|
|upkeep
|turn|7
|
|t:|1772747122
|move|p2a: Iron Valiant|Close Combat|p1a: Coalossal
|-supereffective|p1a: Coalossal
|-crit|p1a: Coalossal
|-damage|p1a: Coalossal|0 fnt
|-unboost|p2a: Iron Valiant|def|1
|-unboost|p2a: Iron Valiant|spd|1
|-status|p2a: Iron Valiant|brn|[from] ability: Flame Body|[of] p1a: Coalossal
|faint|p1a: Coalossal
|-damage|p2a: Iron Valiant|157/244 brn|[from] item: Life Orb
|
|-damage|p2a: Iron Valiant|142/244 brn|[from] brn
|upkeep
|
|t:|1772747144
|switch|p1a: Eelektross|Eelektross, L87, M|92/290
|turn|8
|
|t:|1772747152
|move|p2a: Iron Valiant|Moonblast|p1a: Eelektross
|-damage|p1a: Eelektross|0 fnt
|faint|p1a: Eelektross
|-damage|p2a: Iron Valiant|118/244 brn|[from] item: Life Orb
|
|-damage|p2a: Iron Valiant|103/244 brn|[from] brn
|upkeep
|
|t:|1772747158
|switch|p1a: Lapras|Lapras, L87, M|367/367
|turn|9
|
|t:|1772747165
|move|p2a: Iron Valiant|Close Combat|p1a: Lapras
|-supereffective|p1a: Lapras
|-damage|p1a: Lapras|190/367
|-unboost|p2a: Iron Valiant|def|1
|-unboost|p2a: Iron Valiant|spd|1
|-damage|p2a: Iron Valiant|79/244 brn|[from] item: Life Orb
|move|p1a: Lapras|Ice Beam|p2a: Iron Valiant
|-damage|p2a: Iron Valiant|0 fnt
|faint|p2a: Iron Valiant
|-end|p2a: Iron Valiant|Quark Drive|[silent]
|
|upkeep
|
|t:|1772747176
|switch|p2a: Garganacl|Garganacl, L80, M|291/291
|-damage|p2a: Garganacl|255/291|[from] Stealth Rock
|turn|10
|
|t:|1772747191
|switch|p1a: Hydrapple|Hydrapple, L83, M|312/312
|move|p2a: Garganacl|Salt Cure|p1a: Hydrapple
|-damage|p1a: Hydrapple|278/312
|-start|p1a: Hydrapple|Salt Cure
|
|-heal|p2a: Garganacl|273/291|[from] item: Leftovers
|-damage|p1a: Hydrapple|239/312|[from] Salt Cure
|upkeep
|turn|11
|
|t:|1772747210
|switch|p1a: Lapras|Lapras, L87, M|190/367
|move|p2a: Garganacl|Stealth Rock|p1a: Lapras
|-sidestart|p1: yourgonnaragequit|move: Stealth Rock
|
|-heal|p2a: Garganacl|291/291|[from] item: Leftovers
|upkeep
|turn|12
|
|t:|1772747219
|move|p1a: Lapras|Hydro Pump|p2a: Garganacl
|-supereffective|p2a: Garganacl
|-damage|p2a: Garganacl|0 fnt
|faint|p2a: Garganacl
|
|upkeep
|
|t:|1772747223
|switch|p2a: Lunala|Lunala, L70|308/308
|-damage|p2a: Lunala|270/308|[from] Stealth Rock
|turn|13
|
|t:|1772747235
|move|p2a: Lunala|Calm Mind|p2a: Lunala
|-boost|p2a: Lunala|spa|1
|-boost|p2a: Lunala|spd|1
|move|p1a: Lapras|Hydro Pump|p2a: Lunala
|-damage|p2a: Lunala|162/308
|
|-heal|p2a: Lunala|181/308|[from] item: Leftovers
|upkeep
|turn|14
|
|t:|1772747243
|switch|p1a: Hydrapple|Hydrapple, L83, M|312/312
|-damage|p1a: Hydrapple|273/312|[from] Stealth Rock
|move|p2a: Lunala|Moonlight|p2a: Lunala
|-heal|p2a: Lunala|308/308
|
|upkeep
|turn|15
|
|t:|1772747250
|move|p2a: Lunala|Calm Mind|p2a: Lunala
|-boost|p2a: Lunala|spa|1
|-boost|p2a: Lunala|spd|1
|move|p1a: Hydrapple|Dragon Tail|p2a: Lunala
|-damage|p2a: Lunala|277/308
|drag|p2a: Salazzle|Salazzle, L83, F|249/249
|
|upkeep
|turn|16
|
|t:|1772747256
|move|p2a: Salazzle|Sludge Wave|p1a: Hydrapple
|-supereffective|p1a: Hydrapple
|-damage|p1a: Hydrapple|115/312
|move|p1a: Hydrapple|Earth Power|p2a: Salazzle
|-supereffective|p2a: Salazzle
|-damage|p2a: Salazzle|0 fnt
|faint|p2a: Salazzle
|
|upkeep
|
|t:|1772747263
|switch|p2a: Scrafty|Scrafty, L84, F|246/246
|-damage|p2a: Scrafty|231/246|[from] Stealth Rock
|turn|17
|
|t:|1772747272
|move|p2a: Scrafty|Knock Off|p1a: Hydrapple
|-damage|p1a: Hydrapple|28/312
|-enditem|p1a: Hydrapple|Assault Vest|[from] move: Knock Off|[of] p2a: Scrafty
|move|p1a: Hydrapple|Dragon Tail|p2a: Scrafty
|-damage|p2a: Scrafty|186/246
|drag|p2a: Mismagius|Mismagius, L86, F|243/243
|
|upkeep
|turn|18
|
|t:|1772747282
|move|p2a: Mismagius|Shadow Ball|p1a: Hydrapple
|-damage|p1a: Hydrapple|0 fnt
|faint|p1a: Hydrapple
|
|upkeep
|
|t:|1772747289
|switch|p1a: Lapras|Lapras, L87, M|190/367
|-damage|p1a: Lapras|99/367|[from] Stealth Rock
|turn|19
|
|t:|1772747298
|move|p2a: Mismagius|Thunderbolt|p1a: Lapras
|-supereffective|p1a: Lapras
|-damage|p1a: Lapras|0 fnt
|faint|p1a: Lapras
|
|upkeep
|
|t:|1772747302
|switch|p1a: Arceus|Arceus-Fighting, L70|284/284
|-damage|p1a: Arceus|267/284|[from] Stealth Rock
|turn|20
|
|t:|1772747306
|move|p2a: Mismagius|Dazzling Gleam|p1a: Arceus
|-supereffective|p1a: Arceus
|-damage|p1a: Arceus|145/284
|move|p1a: Arceus|Iron Defense|p1a: Arceus
|-boost|p1a: Arceus|def|2
|
|upkeep
|turn|21
|
|t:|1772747323
|-terastallize|p1a: Arceus|Steel
|move|p2a: Mismagius|Dazzling Gleam|p1a: Arceus
|-resisted|p1a: Arceus
|-damage|p1a: Arceus|118/284
|move|p1a: Arceus|Iron Defense|p1a: Arceus
|-boost|p1a: Arceus|def|2
|
|upkeep
|turn|22
|
|t:|1772747334
|move|p2a: Mismagius|Shadow Ball|p1a: Arceus
|-damage|p1a: Arceus|27/284
|move|p1a: Arceus|Recover|p1a: Arceus
|-heal|p1a: Arceus|169/284
|
|upkeep
|turn|23
|
|t:|1772747344
|switch|p2a: Scrafty|Scrafty, L84, F|186/246
|-damage|p2a: Scrafty|171/246|[from] Stealth Rock
|move|p1a: Arceus|Recover|p1a: Arceus
|-heal|p1a: Arceus|284/284
|
|-heal|p2a: Scrafty|186/246|[from] item: Leftovers
|upkeep
|turn|24
|
|t:|1772747353
|move|p1a: Arceus|Body Press|p2a: Scrafty
|-supereffective|p2a: Scrafty
|-damage|p2a: Scrafty|0 fnt
|faint|p2a: Scrafty
|
|upkeep
|
|t:|1772747362
|switch|p2a: Mismagius|Mismagius, L86, F|243/243
|turn|25
|
|t:|1772747372
|move|p2a: Mismagius|Shadow Ball|p1a: Arceus
|-damage|p1a: Arceus|191/284
|move|p1a: Arceus|Shadow Ball|p2a: Mismagius
|-supereffective|p2a: Mismagius
|-damage|p2a: Mismagius|161/243
|-unboost|p2a: Mismagius|spd|1
|
|upkeep
|turn|26
|
|t:|1772747381
|move|p2a: Mismagius|Shadow Ball|p1a: Arceus
|-damage|p1a: Arceus|104/284
|move|p1a: Arceus|Shadow Ball|p2a: Mismagius
|-supereffective|p2a: Mismagius
|-damage|p2a: Mismagius|37/243
|
|upkeep
|turn|27
|
|t:|1772747388
|move|p2a: Mismagius|Shadow Ball|p1a: Arceus
|-damage|p1a: Arceus|11/284
|move|p1a: Arceus|Recover|p1a: Arceus
|-heal|p1a: Arceus|153/284
|
|upkeep
|turn|28
|
|t:|1772747402
|move|p2a: Mismagius|Shadow Ball|p1a: Arceus
|-damage|p1a: Arceus|68/284
|move|p1a: Arceus|Recover|p1a: Arceus
|-heal|p1a: Arceus|210/284
|
|upkeep
|turn|29
|
|t:|1772747410
|move|p2a: Mismagius|Shadow Ball|p1a: Arceus
|-damage|p1a: Arceus|125/284
|move|p1a: Arceus|Shadow Ball|p2a: Mismagius
|-supereffective|p2a: Mismagius
|-damage|p2a: Mismagius|0 fnt
|faint|p2a: Mismagius
|
|upkeep
|
|t:|1772747414
|switch|p2a: Lunala|Lunala, L70|277/308
|-damage|p2a: Lunala|239/308|[from] Stealth Rock
|turn|30
|
|t:|1772747434
|-terastallize|p2a: Lunala|Fairy
|move|p1a: Arceus|Recover|p1a: Arceus
|-heal|p1a: Arceus|267/284
|move|p2a: Lunala|Moonlight|p2a: Lunala
|-heal|p2a: Lunala|308/308
|
|upkeep
|turn|31
|
|t:|1772747448
|move|p1a: Arceus|Body Press|p2a: Lunala
|-resisted|p2a: Lunala
|-damage|p2a: Lunala|235/308
|move|p2a: Lunala|Calm Mind|p2a: Lunala
|-boost|p2a: Lunala|spa|1
|-boost|p2a: Lunala|spd|1
|
|-heal|p2a: Lunala|254/308|[from] item: Leftovers
|upkeep
|turn|32
|
|t:|1772747457
|move|p1a: Arceus|Iron Defense|p1a: Arceus
|-boost|p1a: Arceus|def|2
|move|p2a: Lunala|Calm Mind|p2a: Lunala
|-boost|p2a: Lunala|spa|1
|-boost|p2a: Lunala|spd|1
|
|-heal|p2a: Lunala|273/308|[from] item: Leftovers
|upkeep
|turn|33
|
|t:|1772747466
|move|p1a: Arceus|Body Press|p2a: Lunala
|-resisted|p2a: Lunala
|-damage|p2a: Lunala|75/308
|move|p2a: Lunala|Calm Mind|p2a: Lunala
|-boost|p2a: Lunala|spa|1
|-boost|p2a: Lunala|spd|1
|
|-heal|p2a: Lunala|94/308|[from] item: Leftovers
|upkeep
|turn|34
|
|t:|1772747477
|move|p1a: Arceus|Body Press|p2a: Lunala
|-resisted|p2a: Lunala
|-damage|p2a: Lunala|0 fnt
|faint|p2a: Lunala
|
|win|yourgonnaragequit
|raw|yourgonnaragequit's rating: 1275 &rarr; <strong>1297</strong><br />(+22 for winning)
|raw|ProKameron's rating: 1238 &rarr; <strong>1216</strong><br />(-22 for losing)
|l|☆ProKameron
|player|p2|
|c|☆yourgonnaragequit|Gg champ
|j|☆ProKameron
|player|p2|ProKameron|rhi|
|l|☆yourgonnaragequit
|player|p1|
