|j|☆Kiddo_Colijn
|j|☆chernobyl×10
|t:|1776973697
|gametype|singles
|player|p1|Kiddo_Colijn|marshal|1807
|player|p2|chernobyl×10|steven|1846
|gen|9
|tier|[Gen 9] Random Battle
|rated|
|rule|Species Clause: Limit one of each Pokémon
|rule|HP Percentage Mod: HP is shown in percentages
|rule|Sleep Clause Mod: Limit one foe put to sleep
|rule|Illusion Level Mod: Illusion disguises the Pokémon's true level
|
|t:|1776973697
|teamsize|p1|6
|teamsize|p2|6
|start
|switch|p1a: Torterra|Torterra, L78, M|276/276
|switch|p2a: Donphan|Donphan, L84, M|288/288
|turn|1
|inactive|Battle timer is ON: inactive players will automatically lose when time's up. (requested by chernobyl×10)
|
|t:|1776973709
|-terastallize|p1a: Torterra|Rock
|move|p1a: Torterra|Shell Smash|p1a: Torterra
|-unboost|p1a: Torterra|def|1
|-unboost|p1a: Torterra|spd|1
|-boost|p1a: Torterra|atk|2
|-boost|p1a: Torterra|spa|2
|-boost|p1a: Torterra|spe|2
|move|p2a: Donphan|Knock Off|p1a: Torterra
|-damage|p1a: Torterra|159/276
|-enditem|p1a: Torterra|Loaded Dice|[from] move: Knock Off|[of] p2a: Donphan
|
|upkeep
|turn|2
|
|t:|1776973725
|switch|p2a: Brute Bonnet|Brute Bonnet, L80|309/309
|move|p1a: Torterra|Bullet Seed|p2a: Brute Bonnet
|-resisted|p2a: Brute Bonnet
|-damage|p2a: Brute Bonnet|287/309
|-resisted|p2a: Brute Bonnet
|-damage|p2a: Brute Bonnet|263/309
|-resisted|p2a: Brute Bonnet
|-damage|p2a: Brute Bonnet|240/309
|-resisted|p2a: Brute Bonnet
|-damage|p2a: Brute Bonnet|215/309
|-resisted|p2a: Brute Bonnet
|-damage|p2a: Brute Bonnet|191/309
|-hitcount|p2a: Brute Bonnet|5
|
|-heal|p2a: Brute Bonnet|210/309|[from] item: Leftovers
|upkeep
|turn|3
|
|t:|1776973731
|move|p2a: Brute Bonnet|Sucker Punch|p1a: Torterra
|-damage|p1a: Torterra|41/276
|move|p1a: Torterra|Rock Blast|p2a: Brute Bonnet
|-damage|p2a: Brute Bonnet|162/309
|-damage|p2a: Brute Bonnet|108/309
|-hitcount|p2a: Brute Bonnet|2
|
|-heal|p2a: Brute Bonnet|127/309|[from] item: Leftovers
|upkeep
|turn|4
|
|t:|1776973738
|move|p2a: Brute Bonnet|Sucker Punch||[still]
|-fail|p2a: Brute Bonnet
|move|p1a: Torterra|Shell Smash|p1a: Torterra
|-unboost|p1a: Torterra|def|1
|-unboost|p1a: Torterra|spd|1
|-boost|p1a: Torterra|atk|2
|-boost|p1a: Torterra|spa|2
|-boost|p1a: Torterra|spe|2
|
|-heal|p2a: Brute Bonnet|146/309|[from] item: Leftovers
|upkeep
|turn|5
|
|t:|1776973739
|move|p2a: Brute Bonnet|Sucker Punch||[still]
|-fail|p2a: Brute Bonnet
|move|p1a: Torterra|Shell Smash|p1a: Torterra
|-unboost|p1a: Torterra|def|1
|-unboost|p1a: Torterra|spd|1
|-boost|p1a: Torterra|atk|2
|-boost|p1a: Torterra|spa|2
|-boost|p1a: Torterra|spe|2
|
|-heal|p2a: Brute Bonnet|165/309|[from] item: Leftovers
|upkeep
|turn|6
|
|t:|1776973741
|move|p2a: Brute Bonnet|Sucker Punch||[still]
|-fail|p2a: Brute Bonnet
|move|p1a: Torterra|Shell Smash|p1a: Torterra
|-unboost|p1a: Torterra|def|1
|-unboost|p1a: Torterra|spd|1
|-boost|p1a: Torterra|atk|0
|-boost|p1a: Torterra|spa|0
|-boost|p1a: Torterra|spe|0
|
|-heal|p2a: Brute Bonnet|184/309|[from] item: Leftovers
|upkeep
|turn|7
|
|t:|1776973742
|move|p2a: Brute Bonnet|Sucker Punch||[still]
|-fail|p2a: Brute Bonnet
|move|p1a: Torterra|Shell Smash|p1a: Torterra
|-unboost|p1a: Torterra|def|1
|-unboost|p1a: Torterra|spd|1
|-boost|p1a: Torterra|atk|0
|-boost|p1a: Torterra|spa|0
|-boost|p1a: Torterra|spe|0
|
|-heal|p2a: Brute Bonnet|203/309|[from] item: Leftovers
|upkeep
|turn|8
|
|t:|1776973744
|move|p1a: Torterra|Rock Blast|p2a: Brute Bonnet|[miss]
|-miss|p1a: Torterra|p2a: Brute Bonnet
|move|p2a: Brute Bonnet|Spore|p1a: Torterra
|-status|p1a: Torterra|slp|[from] move: Spore
|
|-heal|p2a: Brute Bonnet|222/309|[from] item: Leftovers
|upkeep
|turn|9
|c|☆Kiddo_Colijn|Aw
|c|☆chernobyl×10|:(
|
|t:|1776973765
|cant|p1a: Torterra|slp
|move|p2a: Brute Bonnet|Crunch|p1a: Torterra
|-damage|p1a: Torterra|0 fnt
|faint|p1a: Torterra
|
|-heal|p2a: Brute Bonnet|241/309|[from] item: Leftovers
|upkeep
|
|t:|1776973771
|switch|p1a: Gallade|Gallade, L80, M|240/240
|turn|10
|inactive|Kiddo_Colijn has 120 seconds left.
|
|t:|1776973792
|-terastallize|p2a: Brute Bonnet|Poison
|move|p1a: Gallade|Sacred Sword|p2a: Brute Bonnet
|-resisted|p2a: Brute Bonnet
|-damage|p2a: Brute Bonnet|132/309
|-damage|p1a: Gallade|216/240|[from] item: Life Orb
|move|p2a: Brute Bonnet|Spore|p1a: Gallade
|-status|p1a: Gallade|slp|[from] move: Spore
|
|-heal|p2a: Brute Bonnet|151/309|[from] item: Leftovers
|upkeep
|turn|11
|
|t:|1776973800
|switch|p1a: Gurdurr|Gurdurr, L85, F|283/283
|move|p2a: Brute Bonnet|Crunch|p1a: Gurdurr
|-resisted|p1a: Gurdurr
|-damage|p1a: Gurdurr|253/283
|-unboost|p1a: Gurdurr|def|1
|
|-heal|p2a: Brute Bonnet|170/309|[from] item: Leftovers
|upkeep
|turn|12
|
|t:|1776973812
|move|p2a: Brute Bonnet|Close Combat|p1a: Gurdurr
|-damage|p1a: Gurdurr|156/283
|-unboost|p2a: Brute Bonnet|def|1
|-unboost|p2a: Brute Bonnet|spd|1
|move|p1a: Gurdurr|Knock Off|p2a: Brute Bonnet
|-damage|p2a: Brute Bonnet|61/309
|-enditem|p2a: Brute Bonnet|Leftovers|[from] move: Knock Off|[of] p1a: Gurdurr
|
|upkeep
|turn|13
|
|t:|1776973822
|-end|p2a: Brute Bonnet|Protosynthesis|[silent]
|switch|p2a: Eelektross|Eelektross, L87, M|290/290
|move|p1a: Gurdurr|Drain Punch|p2a: Eelektross
|-damage|p2a: Eelektross|206/290
|-heal|p1a: Gurdurr|198/283|[from] drain|[of] p2a: Eelektross
|
|-heal|p2a: Eelektross|224/290|[from] item: Leftovers
|upkeep
|turn|14
|
|t:|1776973830
|move|p2a: Eelektross|Coil|p2a: Eelektross
|-boost|p2a: Eelektross|atk|1
|-boost|p2a: Eelektross|def|1
|-boost|p2a: Eelektross|accuracy|1
|move|p1a: Gurdurr|Knock Off|p2a: Eelektross
|-damage|p2a: Eelektross|170/290
|-enditem|p2a: Eelektross|Leftovers|[from] move: Knock Off|[of] p1a: Gurdurr
|
|upkeep
|turn|15
|
|t:|1776973832
|switch|p1a: Raichu|Raichu, L88, F|249/249
|move|p2a: Eelektross|Drain Punch|p1a: Raichu
|-damage|p1a: Raichu|126/249
|-heal|p2a: Eelektross|232/290|[from] drain|[of] p1a: Raichu
|
|upkeep
|turn|16
|
|t:|1776973839
|move|p1a: Raichu|Alluring Voice|p2a: Eelektross
|-damage|p2a: Eelektross|136/290
|move|p2a: Eelektross|Knock Off|p1a: Raichu
|-damage|p1a: Raichu|0 fnt
|-enditem|p1a: Raichu|Choice Specs|[from] move: Knock Off|[of] p2a: Eelektross
|faint|p1a: Raichu
|
|upkeep
|
|t:|1776973848
|switch|p1a: Inteleon|Inteleon, L81, M|246/246
|turn|17
|
|t:|1776973855
|move|p1a: Inteleon|Scald|p2a: Eelektross
|-damage|p2a: Eelektross|0 fnt
|faint|p2a: Eelektross
|
|upkeep
|
|t:|1776973863
|switch|p2a: Ninetales|Ninetales, L85, F|263/263
|-weather|SunnyDay|[from] ability: Drought|[of] p2a: Ninetales
|turn|18
|
|t:|1776973882
|switch|p1a: Gallade|Gallade, L80, M|216/240 slp
|move|p2a: Ninetales|Nasty Plot|p2a: Ninetales
|-boost|p2a: Ninetales|spa|2
|
|-weather|SunnyDay|[upkeep]
|upkeep
|turn|19
|
|t:|1776973885
|move|p2a: Ninetales|Fire Blast|p1a: Gallade
|-damage|p1a: Gallade|0 fnt
|faint|p1a: Gallade
|
|-weather|SunnyDay|[upkeep]
|upkeep
|
|t:|1776973891
|switch|p1a: Dugtrio|Dugtrio-Alola, L84, M|196/196
|turn|20
|
|t:|1776973898
|switch|p2a: Donphan|Donphan, L84, M|288/288
|move|p1a: Dugtrio|Earthquake|p2a: Donphan
|-damage|p2a: Donphan|170/288
|-damage|p1a: Dugtrio|177/196|[from] item: Life Orb
|
|-weather|SunnyDay|[upkeep]
|upkeep
|turn|21
|
|t:|1776973903
|switch|p1a: Gurdurr|Gurdurr, L85, F|198/283
|move|p2a: Donphan|Earthquake|p1a: Gurdurr
|-damage|p1a: Gurdurr|113/283
|
|-weather|SunnyDay|[upkeep]
|upkeep
|turn|22
|
|t:|1776973918
|switch|p2a: Leavanny|Leavanny, L86, F|269/269
|move|p1a: Gurdurr|Drain Punch|p2a: Leavanny
|-resisted|p2a: Leavanny
|-crit|p2a: Leavanny
|-damage|p2a: Leavanny|200/269
|-heal|p1a: Gurdurr|148/283|[from] drain|[of] p2a: Leavanny
|
|-weather|none
|upkeep
|turn|23
|
|t:|1776973929
|switch|p1a: Inteleon|Inteleon, L81, M|246/246
|move|p2a: Leavanny|Knock Off|p1a: Inteleon
|-damage|p1a: Inteleon|153/246
|-enditem|p1a: Inteleon|Choice Specs|[from] move: Knock Off|[of] p2a: Leavanny
|
|upkeep
|turn|24
|
|t:|1776973952
|move|p1a: Inteleon|U-turn|p2a: Leavanny
|-supereffective|p2a: Leavanny
|-crit|p2a: Leavanny
|-damage|p2a: Leavanny|78/269
|
|t:|1776973956
|switch|p1a: Gurdurr|Gurdurr, L85, F|148/283|[from] U-turn
|move|p2a: Leavanny|Sticky Web|p1a: Gurdurr
|-sidestart|p1: Kiddo_Colijn|move: Sticky Web
|
|upkeep
|turn|25
|
|t:|1776973966
|move|p2a: Leavanny|Knock Off|p1a: Gurdurr
|-resisted|p1a: Gurdurr
|-damage|p1a: Gurdurr|124/283
|-enditem|p1a: Gurdurr|Eviolite|[from] move: Knock Off|[of] p2a: Leavanny
|move|p1a: Gurdurr|Bulk Up|p1a: Gurdurr
|-boost|p1a: Gurdurr|atk|1
|-boost|p1a: Gurdurr|def|1
|
|upkeep
|turn|26
|
|t:|1776973976
|move|p2a: Leavanny|Lunge|p1a: Gurdurr
|-resisted|p1a: Gurdurr
|-damage|p1a: Gurdurr|80/283
|-unboost|p1a: Gurdurr|atk|1
|move|p1a: Gurdurr|Drain Punch|p2a: Leavanny
|-resisted|p2a: Leavanny
|-damage|p2a: Leavanny|29/269
|-heal|p1a: Gurdurr|105/283|[from] drain|[of] p2a: Leavanny
|
|upkeep
|turn|27
|
|t:|1776973988
|switch|p2a: Ninetales|Ninetales, L85, F|263/263
|-weather|SunnyDay|[from] ability: Drought|[of] p2a: Ninetales
|move|p1a: Gurdurr|Mach Punch|p2a: Ninetales
|-damage|p2a: Ninetales|209/263
|
|-weather|SunnyDay|[upkeep]
|upkeep
|turn|28
|
|t:|1776973993
|move|p2a: Ninetales|Solar Beam||[still]
|-prepare|p2a: Ninetales|Solar Beam
|-anim|p2a: Ninetales|Solar Beam|p1a: Gurdurr
|-damage|p1a: Gurdurr|0 fnt
|faint|p1a: Gurdurr
|
|-weather|SunnyDay|[upkeep]
|upkeep
|
|t:|1776973997
|switch|p1a: Inteleon|Inteleon, L81, M|153/246
|-activate|p1a: Inteleon|move: Sticky Web
|-unboost|p1a: Inteleon|spe|1
|turn|29
|
|t:|1776973999
|move|p2a: Ninetales|Solar Beam||[still]
|-prepare|p2a: Ninetales|Solar Beam
|-anim|p2a: Ninetales|Solar Beam|p1a: Inteleon
|-supereffective|p1a: Inteleon
|-damage|p1a: Inteleon|0 fnt
|faint|p1a: Inteleon
|
|-weather|SunnyDay|[upkeep]
|upkeep
|
|t:|1776974001
|switch|p1a: Dugtrio|Dugtrio-Alola, L84, M|177/196
|-activate|p1a: Dugtrio|move: Sticky Web
|-unboost|p1a: Dugtrio|spe|1
|turn|30
|
|t:|1776974006
|move|p2a: Ninetales|Fire Blast|p1a: Dugtrio
|-supereffective|p1a: Dugtrio
|-damage|p1a: Dugtrio|0 fnt
|faint|p1a: Dugtrio
|
|win|chernobyl×10
|raw|Kiddo_Colijn's rating: 1807 &rarr; <strong>1789</strong><br />(-18 for losing)
|raw|chernobyl×10's rating: 1846 &rarr; <strong>1864</strong><br />(+18 for winning)
