|j|☆Sage_D_Artz
|j|☆btrbnhkh
|t:|1772746789
|gametype|singles
|player|p1|Sage_D_Artz|alder|1138
|player|p2|btrbnhkh|169|1093
|gen|9
|tier|[Gen 9] Random Battle
|rated|
|rule|Species Clause: Limit one of each Pokémon
|rule|HP Percentage Mod: HP is shown in percentages
|rule|Sleep Clause Mod: Limit one foe put to sleep
|rule|Illusion Level Mod: Illusion disguises the Pokémon's true level
|
|t:|1772746789
|teamsize|p1|6
|teamsize|p2|6
|start
|switch|p1a: Torterra|Torterra, L78, M|276/276
|switch|p2a: Golurk|Golurk, L87|297/297
|turn|1
|
|t:|1772746809
|move|p2a: Golurk|Stealth Rock|p1a: Torterra
|-sidestart|p1: Sage_D_Artz|move: Stealth Rock
|move|p1a: Torterra|Bullet Seed|p2a: Golurk
|-supereffective|p2a: Golurk
|-damage|p2a: Golurk|243/297
|-supereffective|p2a: Golurk
|-damage|p2a: Golurk|193/297
|-supereffective|p2a: Golurk
|-damage|p2a: Golurk|137/297
|-supereffective|p2a: Golurk
|-damage|p2a: Golurk|81/297
|-hitcount|p2a: Golurk|4
|
|upkeep
|turn|2
|
|t:|1772746823
|switch|p2a: Hawlucha|Hawlucha, L80, M|256/256
|move|p1a: Torterra|Bullet Seed|p2a: Hawlucha
|-resisted|p2a: Hawlucha
|-damage|p2a: Hawlucha|242/256
|-resisted|p2a: Hawlucha
|-damage|p2a: Hawlucha|227/256
|-resisted|p2a: Hawlucha
|-damage|p2a: Hawlucha|211/256
|-resisted|p2a: Hawlucha
|-damage|p2a: Hawlucha|196/256
|-resisted|p2a: Hawlucha
|-damage|p2a: Hawlucha|181/256
|-hitcount|p2a: Hawlucha|5
|
|upkeep
|turn|3
|
|t:|1772746838
|move|p2a: Hawlucha|Swords Dance|p2a: Hawlucha
|-boost|p2a: Hawlucha|atk|2
|move|p1a: Torterra|Rock Blast|p2a: Hawlucha
|-damage|p2a: Hawlucha|159/256
|-damage|p2a: Hawlucha|139/256
|-damage|p2a: Hawlucha|119/256
|-damage|p2a: Hawlucha|97/256
|-hitcount|p2a: Hawlucha|4
|
|upkeep
|turn|4
|
|t:|1772746851
|move|p2a: Hawlucha|Close Combat|p1a: Torterra
|-damage|p1a: Torterra|74/276
|-unboost|p2a: Hawlucha|def|1
|-unboost|p2a: Hawlucha|spd|1
|-enditem|p2a: Hawlucha|White Herb
|-clearnegativeboost|p2a: Hawlucha|[silent]
|move|p1a: Torterra|Bullet Seed|p2a: Hawlucha
|-resisted|p2a: Hawlucha
|-damage|p2a: Hawlucha|73/256
|-resisted|p2a: Hawlucha
|-damage|p2a: Hawlucha|50/256
|-resisted|p2a: Hawlucha
|-damage|p2a: Hawlucha|25/256
|-resisted|p2a: Hawlucha
|-damage|p2a: Hawlucha|2/256
|-resisted|p2a: Hawlucha
|-damage|p2a: Hawlucha|0 fnt
|faint|p2a: Hawlucha
|-hitcount|p2: Hawlucha|5
|
|upkeep
|
|t:|1772746863
|switch|p2a: Golurk|Golurk, L87|81/297
|turn|5
|
|t:|1772746877
|move|p2a: Golurk|Poltergeist|p1a: Torterra
|-activate|p1a: Torterra|move: Poltergeist|Loaded Dice
|-damage|p1a: Torterra|0 fnt
|faint|p1a: Torterra
|-damage|p2a: Golurk|52/297|[from] item: Life Orb
|
|upkeep
|
|t:|1772746899
|switch|p1a: Glastrier|Glastrier, L86|312/312
|turn|6
|
|t:|1772746906
|move|p2a: Golurk|Dynamic Punch|p1a: Glastrier
|-supereffective|p1a: Glastrier
|-crit|p1a: Glastrier
|-damage|p1a: Glastrier|42/312
|-start|p1a: Glastrier|confusion
|-damage|p2a: Golurk|23/297|[from] item: Life Orb
|-activate|p1a: Glastrier|confusion
|move|p1a: Glastrier|Icicle Crash|p2a: Golurk
|-supereffective|p2a: Golurk
|-damage|p2a: Golurk|0 fnt
|faint|p2a: Golurk
|-ability|p1a: Glastrier|Chilling Neigh|boost
|-boost|p1a: Glastrier|atk|1
|
|upkeep
|
|t:|1772746920
|switch|p2a: Pachirisu|Pachirisu, L96, F|271/271
|turn|7
|
|t:|1772746929
|move|p2a: Pachirisu|U-turn|p1a: Glastrier
|-damage|p1a: Glastrier|14/312
|
|t:|1772746934
|switch|p2a: Stonjourner|Stonjourner, L91, M|330/330|[from] U-turn
|-end|p1a: Glastrier|confusion
|move|p1a: Glastrier|High Horsepower|p2a: Stonjourner
|-supereffective|p2a: Stonjourner
|-damage|p2a: Stonjourner|154/330
|
|upkeep
|turn|8
|
|t:|1772746944
|move|p2a: Stonjourner|Heat Crash|p1a: Glastrier
|-supereffective|p1a: Glastrier
|-damage|p1a: Glastrier|0 fnt
|faint|p1a: Glastrier
|-damage|p2a: Stonjourner|121/330|[from] item: Life Orb
|
|upkeep
|
|t:|1772746956
|switch|p1a: Ogerpon|Ogerpon-Wellspring, L76, F|247/247
|-damage|p1a: Ogerpon|217/247|[from] Stealth Rock
|turn|9
|
|t:|1772746965
|switch|p2a: Giratina|Giratina, L75|349/349
|-ability|p2a: Giratina|Pressure
|move|p1a: Ogerpon|Power Whip|p2a: Giratina
|-resisted|p2a: Giratina
|-damage|p2a: Giratina|289/349
|
|-heal|p2a: Giratina|310/349|[from] item: Leftovers
|upkeep
|turn|10
|
|t:|1772746977
|move|p1a: Ogerpon|Play Rough|p2a: Giratina
|-supereffective|p2a: Giratina
|-damage|p2a: Giratina|168/349
|move|p2a: Giratina|Shadow Ball|p1a: Ogerpon
|-damage|p1a: Ogerpon|147/247
|-unboost|p1a: Ogerpon|spd|1
|
|-heal|p2a: Giratina|189/349|[from] item: Leftovers
|upkeep
|turn|11
|
|t:|1772746987
|move|p1a: Ogerpon|Ivy Cudgel|p2a: Giratina|[anim] Ivy Cudgel Water
|-resisted|p2a: Giratina
|-damage|p2a: Giratina|138/349
|move|p2a: Giratina|Rest|p2a: Giratina
|-status|p2a: Giratina|slp|[from] move: Rest
|-heal|p2a: Giratina|349/349 slp|[silent]
|
|upkeep
|turn|12
|
|t:|1772746994
|move|p1a: Ogerpon|Swords Dance|p1a: Ogerpon
|-boost|p1a: Ogerpon|atk|2
|cant|p2a: Giratina|slp
|move|p2a: Giratina|Sleep Talk|p2a: Giratina
|move|p2a: Giratina|Rest||[from] move: Sleep Talk|[still]
|-fail|p2a: Giratina
|
|upkeep
|turn|13
|
|t:|1772747000
|move|p1a: Ogerpon|Swords Dance|p1a: Ogerpon
|-boost|p1a: Ogerpon|atk|2
|cant|p2a: Giratina|slp
|move|p2a: Giratina|Sleep Talk|p2a: Giratina
|move|p2a: Giratina|Rest||[from] move: Sleep Talk|[still]
|-fail|p2a: Giratina
|
|upkeep
|turn|14
|
|t:|1772747010
|-terastallize|p2a: Giratina|Fairy
|move|p1a: Ogerpon|Play Rough|p2a: Giratina
|-damage|p2a: Giratina|141/349 slp
|-curestatus|p2a: Giratina|slp|[msg]
|move|p2a: Giratina|Shadow Ball|p1a: Ogerpon
|-damage|p1a: Ogerpon|39/247
|-unboost|p1a: Ogerpon|spd|1
|
|-heal|p2a: Giratina|162/349|[from] item: Leftovers
|upkeep
|turn|15
|
|t:|1772747033
|switch|p2a: Stonjourner|Stonjourner, L91, M|121/330
|move|p1a: Ogerpon|Play Rough|p2a: Stonjourner
|-damage|p2a: Stonjourner|0 fnt
|faint|p2a: Stonjourner
|
|upkeep
|
|t:|1772747035
|switch|p2a: Pachirisu|Pachirisu, L96, F|271/271
|turn|16
|
|t:|1772747044
|move|p2a: Pachirisu|U-turn|p1a: Ogerpon
|-supereffective|p1a: Ogerpon
|-damage|p1a: Ogerpon|0 fnt
|faint|p1a: Ogerpon
|
|t:|1772747047
|switch|p2a: Giratina|Giratina, L75, tera:Fairy|162/349|[from] U-turn
|-ability|p2a: Giratina|Pressure
|
|-heal|p2a: Giratina|183/349|[from] item: Leftovers
|upkeep
|
|t:|1772747056
|switch|p1a: Fezandipiti|Fezandipiti, L82, M|278/278
|-damage|p1a: Fezandipiti|244/278|[from] Stealth Rock
|turn|17
|
|t:|1772747073
|switch|p2a: Pachirisu|Pachirisu, L96, F|271/271
|move|p1a: Fezandipiti|Moonblast|p2a: Pachirisu
|-damage|p2a: Pachirisu|201/271
|-unboost|p2a: Pachirisu|spa|1
|-status|p2a: Pachirisu|tox|[from] ability: Toxic Chain|[of] p1a: Fezandipiti
|
|-heal|p1a: Fezandipiti|261/278|[from] item: Leftovers
|-damage|p2a: Pachirisu|185/271 tox|[from] psn
|upkeep
|turn|18
|
|t:|1772747092
|move|p2a: Pachirisu|Super Fang|p1a: Fezandipiti
|-damage|p1a: Fezandipiti|131/278
|move|p1a: Fezandipiti|Beat Up|p2a: Pachirisu
|-damage|p2a: Pachirisu|175/271 tox
|-damage|p2a: Pachirisu|167/271 tox
|-damage|p2a: Pachirisu|157/271 tox
|-hitcount|p2a: Pachirisu|3
|
|-heal|p1a: Fezandipiti|148/278|[from] item: Leftovers
|-damage|p2a: Pachirisu|125/271 tox|[from] psn
|upkeep
|turn|19
|
|t:|1772747102
|move|p2a: Pachirisu|U-turn|p1a: Fezandipiti
|-resisted|p1a: Fezandipiti
|-damage|p1a: Fezandipiti|138/278
|
|t:|1772747108
|switch|p2a: Crabominable|Crabominable, L90, F|321/321|[from] U-turn
|move|p1a: Fezandipiti|Roost|p1a: Fezandipiti
|-heal|p1a: Fezandipiti|277/278
|-singleturn|p1a: Fezandipiti|move: Roost
|
|-heal|p1a: Fezandipiti|278/278|[from] item: Leftovers
|upkeep
|turn|20
|
|t:|1772747123
|move|p1a: Fezandipiti|Moonblast|p2a: Crabominable
|-supereffective|p2a: Crabominable
|-damage|p2a: Crabominable|147/321
|move|p2a: Crabominable|Earthquake|p1a: Fezandipiti
|-supereffective|p1a: Fezandipiti
|-damage|p1a: Fezandipiti|0 fnt
|faint|p1a: Fezandipiti
|
|upkeep
|
|t:|1772747140
|switch|p1a: Bombirdier|Bombirdier, L85, F|258/258
|turn|21
|
|t:|1772747161
|-terastallize|p1a: Bombirdier|Rock
|move|p1a: Bombirdier|Brave Bird|p2a: Crabominable
|-supereffective|p2a: Crabominable
|-damage|p2a: Crabominable|0 fnt
|faint|p2a: Crabominable
|-damage|p1a: Bombirdier|209/258|[from] Recoil
|
|upkeep
|
|t:|1772747167
|switch|p2a: Giratina|Giratina, L75, tera:Fairy|183/349
|-ability|p2a: Giratina|Pressure
|turn|22
|
|t:|1772747174
|move|p1a: Bombirdier|Knock Off|p2a: Giratina
|-resisted|p2a: Giratina
|-damage|p2a: Giratina|133/349
|-enditem|p2a: Giratina|Leftovers|[from] move: Knock Off|[of] p1a: Bombirdier
|move|p2a: Giratina|Rest|p2a: Giratina
|-status|p2a: Giratina|slp|[from] move: Rest
|-heal|p2a: Giratina|349/349 slp|[silent]
|
|upkeep
|turn|23
|
|t:|1772747193
|switch|p1a: Bellibolt|Bellibolt, L84, M|320/320
|-damage|p1a: Bellibolt|280/320|[from] Stealth Rock
|cant|p2a: Giratina|slp
|move|p2a: Giratina|Sleep Talk|p2a: Giratina
|move|p2a: Giratina|Dragon Tail|p1a: Bellibolt|[from] move: Sleep Talk
|-damage|p1a: Bellibolt|231/320
|-start|p1a: Bellibolt|Charge|Dragon Tail|[from] ability: Electromorphosis
|drag|p1a: Bombirdier|Bombirdier, L85, F, tera:Rock|209/258
|
|upkeep
|turn|24
|
|t:|1772747205
|move|p1a: Bombirdier|Stone Edge|p2a: Giratina
|-damage|p2a: Giratina|184/349 slp
|cant|p2a: Giratina|slp
|move|p2a: Giratina|Sleep Talk|p2a: Giratina
|move|p2a: Giratina|Dragon Tail|p1a: Bombirdier|[from] move: Sleep Talk
|-damage|p1a: Bombirdier|155/258
|drag|p1a: Bellibolt|Bellibolt, L84, M|231/320
|-damage|p1a: Bellibolt|191/320|[from] Stealth Rock
|
|-heal|p1a: Bellibolt|211/320|[from] item: Leftovers
|upkeep
|turn|25
|
|t:|1772747223
|-curestatus|p2a: Giratina|slp|[msg]
|move|p2a: Giratina|Rest|p2a: Giratina
|-status|p2a: Giratina|slp|[from] move: Rest
|-heal|p2a: Giratina|349/349 slp|[silent]
|move|p1a: Bellibolt|Muddy Water|p2a: Giratina
|-damage|p2a: Giratina|291/349 slp
|
|-heal|p1a: Bellibolt|231/320|[from] item: Leftovers
|upkeep
|turn|26
|
|t:|1772747235
|cant|p2a: Giratina|slp
|move|p2a: Giratina|Sleep Talk|p2a: Giratina
|move|p2a: Giratina|Dragon Tail|p1a: Bellibolt|[from] move: Sleep Talk
|-damage|p1a: Bellibolt|182/320
|-start|p1a: Bellibolt|Charge|Dragon Tail|[from] ability: Electromorphosis
|drag|p1a: Bombirdier|Bombirdier, L85, F, tera:Rock|155/258
|
|upkeep
|turn|27
|
|t:|1772747243
|move|p1a: Bombirdier|Stone Edge|p2a: Giratina
|-damage|p2a: Giratina|131/349 slp
|cant|p2a: Giratina|slp
|move|p2a: Giratina|Sleep Talk|p2a: Giratina
|move|p2a: Giratina|Dragon Tail|p1a: Bombirdier|[from] move: Sleep Talk
|-damage|p1a: Bombirdier|98/258
|drag|p1a: Bellibolt|Bellibolt, L84, M|182/320
|-damage|p1a: Bellibolt|142/320|[from] Stealth Rock
|
|-heal|p1a: Bellibolt|162/320|[from] item: Leftovers
|upkeep
|turn|28
|
|t:|1772747258
|-curestatus|p2a: Giratina|slp|[msg]
|move|p2a: Giratina|Rest|p2a: Giratina
|-status|p2a: Giratina|slp|[from] move: Rest
|-heal|p2a: Giratina|349/349 slp|[silent]
|move|p1a: Bellibolt|Slack Off|p1a: Bellibolt
|-heal|p1a: Bellibolt|320/320
|
|upkeep
|turn|29
|
|t:|1772747266
|cant|p2a: Giratina|slp
|move|p2a: Giratina|Sleep Talk|p2a: Giratina
|move|p2a: Giratina|Rest||[from] move: Sleep Talk|[still]
|-fail|p2a: Giratina
|move|p1a: Bellibolt|Muddy Water|p2a: Giratina
|-damage|p2a: Giratina|289/349 slp
|-unboost|p2a: Giratina|accuracy|1
|
|upkeep
|turn|30
|
|t:|1772747276
|cant|p2a: Giratina|slp
|move|p2a: Giratina|Sleep Talk|p2a: Giratina
|move|p2a: Giratina|Dragon Tail|p1a: Bellibolt|[from] move: Sleep Talk|[miss]
|-miss|p2a: Giratina|p1a: Bellibolt
|move|p1a: Bellibolt|Muddy Water|p2a: Giratina
|-damage|p2a: Giratina|226/349 slp
|
|upkeep
|turn|31
|
|t:|1772747283
|-curestatus|p2a: Giratina|slp|[msg]
|move|p2a: Giratina|Shadow Ball|p1a: Bellibolt
|-damage|p1a: Bellibolt|244/320
|-start|p1a: Bellibolt|Charge|Shadow Ball|[from] ability: Electromorphosis
|move|p1a: Bellibolt|Thunderbolt|p2a: Giratina
|-damage|p2a: Giratina|40/349
|-end|p1a: Bellibolt|Charge|[silent]
|
|-heal|p1a: Bellibolt|264/320|[from] item: Leftovers
|upkeep
|turn|32
|
|t:|1772747294
|move|p2a: Giratina|Rest|p2a: Giratina
|-status|p2a: Giratina|slp|[from] move: Rest
|-heal|p2a: Giratina|349/349 slp|[silent]
|move|p1a: Bellibolt|Muddy Water|p2a: Giratina
|-damage|p2a: Giratina|288/349 slp
|
|-heal|p1a: Bellibolt|284/320|[from] item: Leftovers
|upkeep
|turn|33
|
|t:|1772747305
|cant|p2a: Giratina|slp
|move|p2a: Giratina|Sleep Talk|p2a: Giratina
|move|p2a: Giratina|Rest||[from] move: Sleep Talk|[still]
|-fail|p2a: Giratina
|move|p1a: Bellibolt|Muddy Water|p2a: Giratina
|-damage|p2a: Giratina|229/349 slp
|
|-heal|p1a: Bellibolt|304/320|[from] item: Leftovers
|upkeep
|turn|34
|
|t:|1772747313
|cant|p2a: Giratina|slp
|move|p2a: Giratina|Sleep Talk|p2a: Giratina
|move|p2a: Giratina|Rest||[from] move: Sleep Talk|[still]
|-fail|p2a: Giratina
|move|p1a: Bellibolt|Muddy Water|p2a: Giratina
|-damage|p2a: Giratina|172/349 slp
|
|-heal|p1a: Bellibolt|320/320|[from] item: Leftovers
|upkeep
|turn|35
|
|t:|1772747322
|move|p1a: Bellibolt|Thunderbolt|p2a: Giratina
|-damage|p2a: Giratina|84/349 slp
|-curestatus|p2a: Giratina|slp|[msg]
|move|p2a: Giratina|Dragon Tail|p1a: Bellibolt|[miss]
|-miss|p2a: Giratina|p1a: Bellibolt
|
|upkeep
|turn|36
|
|t:|1772747330
|move|p2a: Giratina|Rest|p2a: Giratina
|-status|p2a: Giratina|slp|[from] move: Rest
|-heal|p2a: Giratina|349/349 slp|[silent]
|move|p1a: Bellibolt|Thunderbolt|p2a: Giratina
|-damage|p2a: Giratina|262/349 slp
|
|upkeep
|turn|37
|
|t:|1772747337
|cant|p2a: Giratina|slp
|move|p2a: Giratina|Sleep Talk|p2a: Giratina
|move|p2a: Giratina|Shadow Ball|p1a: Bellibolt|[from] move: Sleep Talk
|-damage|p1a: Bellibolt|253/320
|-start|p1a: Bellibolt|Charge|Shadow Ball|[from] ability: Electromorphosis
|move|p1a: Bellibolt|Muddy Water|p2a: Giratina
|-damage|p2a: Giratina|206/349 slp
|-unboost|p2a: Giratina|accuracy|1
|
|-heal|p1a: Bellibolt|273/320|[from] item: Leftovers
|upkeep
|turn|38
|
|t:|1772747353
|switch|p2a: Pachirisu|Pachirisu, L96, F|125/271 tox
|move|p1a: Bellibolt|Thunderbolt|p2a: Pachirisu
|-heal|p2a: Pachirisu|192/271 tox|[from] ability: Volt Absorb|[of] p1a: Bellibolt
|-end|p1a: Bellibolt|Charge|[silent]
|
|-heal|p1a: Bellibolt|293/320|[from] item: Leftovers
|-damage|p2a: Pachirisu|176/271 tox|[from] psn
|upkeep
|turn|39
|
|t:|1772747362
|move|p2a: Pachirisu|Encore|p1a: Bellibolt
|-start|p1a: Bellibolt|Encore
|move|p1a: Bellibolt|Thunderbolt|p2a: Pachirisu
|-heal|p2a: Pachirisu|243/271 tox|[from] ability: Volt Absorb|[of] p1a: Bellibolt
|
|-heal|p1a: Bellibolt|313/320|[from] item: Leftovers
|-damage|p2a: Pachirisu|211/271 tox|[from] psn
|upkeep
|turn|40
|
|t:|1772747370
|switch|p1a: Bombirdier|Bombirdier, L85, F, tera:Rock|98/258
|move|p2a: Pachirisu|Super Fang|p1a: Bombirdier
|-damage|p1a: Bombirdier|49/258
|
|-damage|p2a: Pachirisu|163/271 tox|[from] psn
|upkeep
|turn|41
|
|t:|1772747377
|move|p2a: Pachirisu|Discharge|p1a: Bombirdier
|-damage|p1a: Bombirdier|0 fnt
|faint|p1a: Bombirdier
|
|-damage|p2a: Pachirisu|99/271 tox|[from] psn
|upkeep
|
|t:|1772747383
|switch|p1a: Bellibolt|Bellibolt, L84, M|313/320
|-damage|p1a: Bellibolt|273/320|[from] Stealth Rock
|turn|42
|
|t:|1772747389
|switch|p2a: Giratina|Giratina, L75, tera:Fairy|206/349 slp
|-ability|p2a: Giratina|Pressure
|move|p1a: Bellibolt|Muddy Water|p2a: Giratina
|-damage|p2a: Giratina|149/349 slp
|-unboost|p2a: Giratina|accuracy|1
|
|-heal|p1a: Bellibolt|293/320|[from] item: Leftovers
|upkeep
|turn|43
|
|t:|1772747398
|cant|p2a: Giratina|slp
|move|p2a: Giratina|Sleep Talk|p2a: Giratina
|move|p2a: Giratina|Dragon Tail|p1a: Bellibolt|[from] move: Sleep Talk
|-damage|p1a: Bellibolt|238/320
|-start|p1a: Bellibolt|Charge|Dragon Tail|[from] ability: Electromorphosis
|move|p1a: Bellibolt|Thunderbolt|p2a: Giratina
|-damage|p2a: Giratina|0 fnt
|faint|p2a: Giratina
|-end|p1a: Bellibolt|Charge|[silent]
|
|-heal|p1a: Bellibolt|258/320|[from] item: Leftovers
|upkeep
|
|t:|1772747406
|switch|p2a: Pachirisu|Pachirisu, L96, F|99/271 tox
|turn|44
|
|t:|1772747414
|move|p2a: Pachirisu|Encore|p1a: Bellibolt
|-start|p1a: Bellibolt|Encore
|move|p1a: Bellibolt|Thunderbolt|p2a: Pachirisu
|-heal|p2a: Pachirisu|166/271 tox|[from] ability: Volt Absorb|[of] p1a: Bellibolt
|
|-heal|p1a: Bellibolt|278/320|[from] item: Leftovers
|-damage|p2a: Pachirisu|150/271 tox|[from] psn
|upkeep
|turn|45
|
|t:|1772747422
|move|p2a: Pachirisu|Super Fang|p1a: Bellibolt
|-damage|p1a: Bellibolt|139/320
|-start|p1a: Bellibolt|Charge|Super Fang|[from] ability: Electromorphosis
|move|p1a: Bellibolt|Thunderbolt|p2a: Pachirisu
|-heal|p2a: Pachirisu|217/271 tox|[from] ability: Volt Absorb|[of] p1a: Bellibolt
|-end|p1a: Bellibolt|Charge|[silent]
|
|-heal|p1a: Bellibolt|159/320|[from] item: Leftovers
|-damage|p2a: Pachirisu|185/271 tox|[from] psn
|upkeep
|turn|46
|
|t:|1772747435
|move|p2a: Pachirisu|Super Fang|p1a: Bellibolt
|-damage|p1a: Bellibolt|80/320
|-start|p1a: Bellibolt|Charge|Super Fang|[from] ability: Electromorphosis
|move|p1a: Bellibolt|Thunderbolt|p2a: Pachirisu
|-heal|p2a: Pachirisu|252/271 tox|[from] ability: Volt Absorb|[of] p1a: Bellibolt
|-end|p1a: Bellibolt|Charge|[silent]
|
|-heal|p1a: Bellibolt|100/320|[from] item: Leftovers
|-damage|p2a: Pachirisu|204/271 tox|[from] psn
|-end|p1a: Bellibolt|Encore
|upkeep
|turn|47
|
|t:|1772747445
|move|p2a: Pachirisu|Encore|p1a: Bellibolt
|-start|p1a: Bellibolt|Encore
|move|p1a: Bellibolt|Thunderbolt|p2a: Pachirisu
|-heal|p2a: Pachirisu|271/271 tox|[from] ability: Volt Absorb|[of] p1a: Bellibolt
|
|-heal|p1a: Bellibolt|120/320|[from] item: Leftovers
|-damage|p2a: Pachirisu|207/271 tox|[from] psn
|upkeep
|turn|48
|
|t:|1772747453
|move|p2a: Pachirisu|U-turn|p1a: Bellibolt
|-damage|p1a: Bellibolt|83/320
|-start|p1a: Bellibolt|Charge|U-turn|[from] ability: Electromorphosis
|move|p1a: Bellibolt|Thunderbolt|p2a: Pachirisu
|-heal|p2a: Pachirisu|271/271 tox|[from] ability: Volt Absorb|[of] p1a: Bellibolt
|-end|p1a: Bellibolt|Charge|[silent]
|
|-heal|p1a: Bellibolt|103/320|[from] item: Leftovers
|-damage|p2a: Pachirisu|191/271 tox|[from] psn
|upkeep
|turn|49
|
|t:|1772747463
|move|p2a: Pachirisu|Discharge|p1a: Bellibolt
|-resisted|p1a: Bellibolt
|-damage|p1a: Bellibolt|70/320
|-start|p1a: Bellibolt|Charge|Discharge|[from] ability: Electromorphosis
|move|p1a: Bellibolt|Thunderbolt|p2a: Pachirisu
|-heal|p2a: Pachirisu|258/271 tox|[from] ability: Volt Absorb|[of] p1a: Bellibolt
|-end|p1a: Bellibolt|Charge|[silent]
|
|-heal|p1a: Bellibolt|90/320|[from] item: Leftovers
|-damage|p2a: Pachirisu|162/271 tox|[from] psn
|-end|p1a: Bellibolt|Encore
|upkeep
|turn|50
|
|t:|1772747476
|move|p2a: Pachirisu|Encore|p1a: Bellibolt
|-start|p1a: Bellibolt|Encore
|move|p1a: Bellibolt|Thunderbolt|p2a: Pachirisu
|-heal|p2a: Pachirisu|229/271 tox|[from] ability: Volt Absorb|[of] p1a: Bellibolt
|
|-heal|p1a: Bellibolt|110/320|[from] item: Leftovers
|-damage|p2a: Pachirisu|117/271 tox|[from] psn
|upkeep
|turn|51
|
|t:|1772747485
|move|p2a: Pachirisu|Super Fang|p1a: Bellibolt
|-damage|p1a: Bellibolt|55/320
|-start|p1a: Bellibolt|Charge|Super Fang|[from] ability: Electromorphosis
|move|p1a: Bellibolt|Thunderbolt|p2a: Pachirisu
|-heal|p2a: Pachirisu|184/271 tox|[from] ability: Volt Absorb|[of] p1a: Bellibolt
|-end|p1a: Bellibolt|Charge|[silent]
|
|-heal|p1a: Bellibolt|75/320|[from] item: Leftovers
|-damage|p2a: Pachirisu|56/271 tox|[from] psn
|upkeep
|turn|52
|
|t:|1772747497
|move|p2a: Pachirisu|Super Fang|p1a: Bellibolt
|-damage|p1a: Bellibolt|38/320
|-start|p1a: Bellibolt|Charge|Super Fang|[from] ability: Electromorphosis
|move|p1a: Bellibolt|Thunderbolt|p2a: Pachirisu
|-heal|p2a: Pachirisu|123/271 tox|[from] ability: Volt Absorb|[of] p1a: Bellibolt
|-end|p1a: Bellibolt|Charge|[silent]
|
|-heal|p1a: Bellibolt|58/320|[from] item: Leftovers
|-damage|p2a: Pachirisu|0 fnt|[from] psn
|faint|p2a: Pachirisu
|
|win|Sage_D_Artz
|raw|Sage_D_Artz's rating: 1138 &rarr; <strong>1160</strong><br />(+22 for winning)
|raw|btrbnhkh's rating: 1093 &rarr; <strong>1072</strong><br />(-21 for losing)
|l|☆btrbnhkh
|player|p2|
|c|☆Sage_D_Artz|omg
