|j|☆omapolis
|j|☆isoooo
|t:|1772744540
|gametype|singles
|player|p1|omapolis|266|1513
|player|p2|isoooo|lucas|1552
|gen|9
|tier|[Gen 9] Random Battle
|rated|
|rule|Species Clause: Limit one of each Pokémon
|rule|HP Percentage Mod: HP is shown in percentages
|rule|Sleep Clause Mod: Limit one foe put to sleep
|rule|Illusion Level Mod: Illusion disguises the Pokémon's true level
|
|t:|1772744540
|teamsize|p1|6
|teamsize|p2|6
|start
|switch|p1a: Armarouge|Armarouge, L80, F|267/267
|switch|p2a: Glimmora|Glimmora, L75, M|248/248
|turn|1
|inactive|Battle timer is ON: inactive players will automatically lose when time's up. (requested by isoooo)
|
|t:|1772744552
|switch|p1a: Dugtrio|Dugtrio, L84, M|196/196
|move|p2a: Glimmora|Power Gem|p1a: Dugtrio
|-resisted|p1a: Dugtrio
|-damage|p1a: Dugtrio|142/196
|
|upkeep
|turn|2
|
|t:|1772744562
|move|p1a: Dugtrio|Earthquake|p2a: Glimmora
|-supereffective|p2a: Glimmora
|-damage|p2a: Glimmora|0 fnt
|-activate|p2a: Glimmora|ability: Toxic Debris
|-sidestart|p1: omapolis|move: Toxic Spikes
|faint|p2a: Glimmora
|
|upkeep
|
|t:|1772744568
|switch|p2a: Staraptor|Staraptor, L79, F|263/263
|turn|3
|
|t:|1772744574
|switch|p1a: Alomomola|Alomomola, L87, M|429/429
|move|p2a: Staraptor|Brave Bird|p1a: Alomomola
|-damage|p1a: Alomomola|266/429
|-damage|p2a: Staraptor|209/263|[from] Recoil
|
|upkeep
|turn|4
|
|t:|1772744579
|switch|p2a: Minun|Minun, L95, F|268/268
|move|p1a: Alomomola|Scald|p2a: Minun
|-damage|p2a: Minun|223/268
|
|upkeep
|turn|5
|
|t:|1772744594
|switch|p2a: Wo-Chien|Wo-Chien, L83|277/277
|-ability|p2a: Wo-Chien|Tablets of Ruin
|move|p1a: Alomomola|Protect||[still]
|-fail|p1a: Alomomola
|
|upkeep
|turn|6
|
|t:|1772744604
|switch|p1a: Brute Bonnet|Brute Bonnet, L81|312/312
|-status|p1a: Brute Bonnet|psn
|move|p2a: Wo-Chien|Leech Seed|p1a: Brute Bonnet
|-immune|p1a: Brute Bonnet
|
|-damage|p1a: Brute Bonnet|273/312 psn|[from] psn
|upkeep
|turn|7
|
|t:|1772744616
|move|p2a: Wo-Chien|Protect|p2a: Wo-Chien
|-singleturn|p2a: Wo-Chien|Protect
|move|p1a: Brute Bonnet|Close Combat|p2a: Wo-Chien
|-activate|p2a: Wo-Chien|move: Protect
|
|-heal|p1a: Brute Bonnet|292/312 psn|[from] item: Leftovers
|-damage|p1a: Brute Bonnet|253/312 psn|[from] psn
|upkeep
|turn|8
|
|t:|1772744628
|switch|p2a: Wyrdeer|Wyrdeer, L87, M|321/321
|-ability|p2a: Wyrdeer|Intimidate|boost
|-unboost|p1a: Brute Bonnet|atk|1
|move|p1a: Brute Bonnet|Close Combat|p2a: Wyrdeer
|-damage|p2a: Wyrdeer|244/321
|-unboost|p1a: Brute Bonnet|def|1
|-unboost|p1a: Brute Bonnet|spd|1
|
|-heal|p2a: Wyrdeer|264/321|[from] item: Leftovers
|-heal|p1a: Brute Bonnet|272/312 psn|[from] item: Leftovers
|-damage|p1a: Brute Bonnet|233/312 psn|[from] psn
|upkeep
|turn|9
|
|t:|1772744644
|switch|p2a: Wo-Chien|Wo-Chien, L83|277/277
|-ability|p2a: Wo-Chien|Tablets of Ruin
|-end|p1a: Brute Bonnet|Protosynthesis|[silent]
|switch|p1a: Dugtrio|Dugtrio, L84, M|142/196
|-status|p1a: Dugtrio|psn
|
|-damage|p1a: Dugtrio|118/196 psn|[from] psn
|upkeep
|turn|10
|
|t:|1772744652
|switch|p1a: Brute Bonnet|Brute Bonnet, L81|233/312 psn
|move|p2a: Wo-Chien|Leech Seed|p1a: Brute Bonnet
|-immune|p1a: Brute Bonnet
|
|-heal|p1a: Brute Bonnet|252/312 psn|[from] item: Leftovers
|-damage|p1a: Brute Bonnet|213/312 psn|[from] psn
|upkeep
|turn|11
|
|t:|1772744662
|move|p2a: Wo-Chien|Protect|p2a: Wo-Chien
|-singleturn|p2a: Wo-Chien|Protect
|move|p1a: Brute Bonnet|Close Combat|p2a: Wo-Chien
|-activate|p2a: Wo-Chien|move: Protect
|
|-heal|p1a: Brute Bonnet|232/312 psn|[from] item: Leftovers
|-damage|p1a: Brute Bonnet|193/312 psn|[from] psn
|upkeep
|turn|12
|
|t:|1772744665
|switch|p2a: Wyrdeer|Wyrdeer, L87, M|264/321
|-ability|p2a: Wyrdeer|Intimidate|boost
|-unboost|p1a: Brute Bonnet|atk|1
|move|p1a: Brute Bonnet|Crunch|p2a: Wyrdeer
|-supereffective|p2a: Wyrdeer
|-damage|p2a: Wyrdeer|112/321
|
|-heal|p2a: Wyrdeer|132/321|[from] item: Leftovers
|-heal|p1a: Brute Bonnet|212/312 psn|[from] item: Leftovers
|-damage|p1a: Brute Bonnet|173/312 psn|[from] psn
|upkeep
|turn|13
|
|t:|1772744670
|switch|p2a: Wo-Chien|Wo-Chien, L83|277/277
|-ability|p2a: Wo-Chien|Tablets of Ruin
|move|p1a: Brute Bonnet|Crunch|p2a: Wo-Chien
|-resisted|p2a: Wo-Chien
|-damage|p2a: Wo-Chien|256/277
|
|-heal|p2a: Wo-Chien|273/277|[from] item: Leftovers
|-heal|p1a: Brute Bonnet|192/312 psn|[from] item: Leftovers
|-damage|p1a: Brute Bonnet|153/312 psn|[from] psn
|upkeep
|turn|14
|
|t:|1772744674
|-end|p1a: Brute Bonnet|Protosynthesis|[silent]
|switch|p1a: Alomomola|Alomomola, L87, M|409/429
|move|p2a: Wo-Chien|Knock Off|p1a: Alomomola
|-damage|p1a: Alomomola|307/429
|-enditem|p1a: Alomomola|Heavy-Duty Boots|[from] move: Knock Off|[of] p2a: Wo-Chien
|
|-heal|p2a: Wo-Chien|277/277|[from] item: Leftovers
|upkeep
|turn|15
|
|t:|1772744679
|move|p2a: Wo-Chien|Leech Seed|p1a: Alomomola
|-start|p1a: Alomomola|move: Leech Seed
|move|p1a: Alomomola|Wish|p1a: Alomomola
|
|-damage|p1a: Alomomola|254/429|[from] Leech Seed|[of] p2a: Wo-Chien
|upkeep
|turn|16
|
|t:|1772744687
|switch|p1a: Brute Bonnet|Brute Bonnet, L81|153/312 psn
|move|p2a: Wo-Chien|Knock Off|p1a: Brute Bonnet
|-resisted|p1a: Brute Bonnet
|-damage|p1a: Brute Bonnet|112/312 psn
|-enditem|p1a: Brute Bonnet|Leftovers|[from] move: Knock Off|[of] p2a: Wo-Chien
|
|-heal|p1a: Brute Bonnet|312/312 psn|[from] move: Wish|[wisher] Alomomola
|-damage|p1a: Brute Bonnet|273/312 psn|[from] psn
|upkeep
|turn|17
|
|t:|1772744693
|-end|p1a: Brute Bonnet|Protosynthesis|[silent]
|switch|p1a: Alomomola|Alomomola, L87, M|397/429
|-status|p1a: Alomomola|psn
|move|p2a: Wo-Chien|Protect||[still]
|-fail|p2a: Wo-Chien
|
|-damage|p1a: Alomomola|344/429 psn|[from] psn
|upkeep
|turn|18
|
|t:|1772744696
|move|p2a: Wo-Chien|Ruination|p1a: Alomomola
|-damage|p1a: Alomomola|172/429 psn
|move|p1a: Alomomola|Wish|p1a: Alomomola
|
|-damage|p1a: Alomomola|119/429 psn|[from] psn
|upkeep
|turn|19
|
|t:|1772744717
|switch|p2a: Minun|Minun, L95, F|223/268
|switch|p1a: Armarouge|Armarouge, L80, F|267/267
|-status|p1a: Armarouge|psn
|
|-damage|p1a: Armarouge|234/267 psn|[from] psn
|upkeep
|turn|20
|
|t:|1772744723
|move|p2a: Minun|Thunderbolt|p1a: Armarouge
|-damage|p1a: Armarouge|73/267 psn
|-damage|p2a: Minun|197/268|[from] item: Life Orb
|move|p1a: Armarouge|Armor Cannon|p2a: Minun
|-damage|p2a: Minun|4/268
|-unboost|p1a: Armarouge|def|1
|-unboost|p1a: Armarouge|spd|1
|
|-damage|p1a: Armarouge|40/267 psn|[from] psn
|upkeep
|turn|21
|
|t:|1772744728
|move|p2a: Minun|Thunderbolt|p1a: Armarouge
|-damage|p1a: Armarouge|0 fnt
|faint|p1a: Armarouge
|-damage|p2a: Minun|0 fnt|[from] item: Life Orb
|faint|p2a: Minun
|
|upkeep
|
|t:|1772744736
|switch|p2a: Staraptor|Staraptor, L79, F|209/263
|switch|p1a: Dugtrio|Dugtrio, L84, M|118/196 psn
|turn|22
|
|t:|1772744744
|move|p2a: Staraptor|Brave Bird|p1a: Dugtrio
|-damage|p1a: Dugtrio|0 fnt
|faint|p1a: Dugtrio
|-damage|p2a: Staraptor|170/263|[from] Recoil
|
|upkeep
|
|t:|1772744768
|switch|p1a: Brute Bonnet|Brute Bonnet, L81|273/312 psn
|turn|23
|
|t:|1772744777
|move|p1a: Brute Bonnet|Sucker Punch|p2a: Staraptor
|-damage|p2a: Staraptor|59/263
|move|p2a: Staraptor|Brave Bird|p1a: Brute Bonnet
|-supereffective|p1a: Brute Bonnet
|-damage|p1a: Brute Bonnet|0 fnt
|faint|p1a: Brute Bonnet
|-end|p1a: Brute Bonnet|Protosynthesis|[silent]
|-damage|p2a: Staraptor|0 fnt|[from] Recoil
|faint|p2a: Staraptor
|
|upkeep
|
|t:|1772744786
|switch|p2a: Wo-Chien|Wo-Chien, L83|277/277
|switch|p1a: Lunala|Lunala, L70|308/308
|-status|p1a: Lunala|psn
|-ability|p2a: Wo-Chien|Tablets of Ruin
|turn|24
|
|t:|1772744795
|switch|p1a: Alomomola|Alomomola, L87, M|262/429 psn
|move|p2a: Wo-Chien|Leech Seed|p1a: Alomomola
|-start|p1a: Alomomola|move: Leech Seed
|
|-damage|p1a: Alomomola|209/429 psn|[from] Leech Seed|[of] p2a: Wo-Chien
|-damage|p1a: Alomomola|156/429 psn|[from] psn
|upkeep
|turn|25
|
|t:|1772744812
|move|p2a: Wo-Chien|Ruination|p1a: Alomomola
|-damage|p1a: Alomomola|78/429 psn
|move|p1a: Alomomola|Wish|p1a: Alomomola
|
|-damage|p1a: Alomomola|25/429 psn|[from] Leech Seed|[of] p2a: Wo-Chien
|-damage|p1a: Alomomola|0 fnt|[from] psn
|faint|p1a: Alomomola
|upkeep
|
|t:|1772744817
|switch|p1a: Gouging Fire|Gouging Fire, L74|277/277
|turn|26
|
|t:|1772744824
|-terastallize|p2a: Wo-Chien|Poison
|move|p1a: Gouging Fire|Dragon Dance|p1a: Gouging Fire
|-boost|p1a: Gouging Fire|atk|1
|-boost|p1a: Gouging Fire|spe|1
|move|p2a: Wo-Chien|Leech Seed|p1a: Gouging Fire
|-start|p1a: Gouging Fire|move: Leech Seed
|
|-damage|p1a: Gouging Fire|243/277|[from] Leech Seed|[of] p2a: Wo-Chien
|upkeep
|turn|27
|
|t:|1772744833
|move|p1a: Gouging Fire|Dragon Dance|p1a: Gouging Fire
|-boost|p1a: Gouging Fire|atk|1
|-boost|p1a: Gouging Fire|spe|1
|move|p2a: Wo-Chien|Knock Off|p1a: Gouging Fire
|-damage|p1a: Gouging Fire|164/277
|-enditem|p1a: Gouging Fire|Heavy-Duty Boots|[from] move: Knock Off|[of] p2a: Wo-Chien
|
|-damage|p1a: Gouging Fire|130/277|[from] Leech Seed|[of] p2a: Wo-Chien
|upkeep
|turn|28
|
|t:|1772744841
|switch|p2a: Wyrdeer|Wyrdeer, L87, M|132/321
|-ability|p2a: Wyrdeer|Intimidate|boost
|-unboost|p1a: Gouging Fire|atk|1
|move|p1a: Gouging Fire|Morning Sun|p1a: Gouging Fire
|-heal|p1a: Gouging Fire|268/277
|
|-heal|p2a: Wyrdeer|152/321|[from] item: Leftovers
|-damage|p1a: Gouging Fire|234/277|[from] Leech Seed|[of] p2a: Wyrdeer
|-heal|p2a: Wyrdeer|186/321|[silent]
|upkeep
|turn|29
|
|t:|1772744845
|move|p1a: Gouging Fire|Heat Crash|p2a: Wyrdeer
|-damage|p2a: Wyrdeer|2/321
|move|p2a: Wyrdeer|Thunder Wave|p1a: Gouging Fire
|-status|p1a: Gouging Fire|par
|
|-heal|p2a: Wyrdeer|22/321|[from] item: Leftovers
|-damage|p1a: Gouging Fire|200/277 par|[from] Leech Seed|[of] p2a: Wyrdeer
|-heal|p2a: Wyrdeer|56/321|[silent]
|upkeep
|turn|30
|
|t:|1772744849
|move|p1a: Gouging Fire|Heat Crash|p2a: Wyrdeer
|-damage|p2a: Wyrdeer|0 fnt
|faint|p2a: Wyrdeer
|
|upkeep
|
|t:|1772744852
|switch|p2a: Pincurchin|Pincurchin, F|258/258
|-fieldstart|move: Electric Terrain|[from] ability: Electric Surge|[of] p2a: Pincurchin
|turn|31
|
|t:|1772744855
|move|p1a: Gouging Fire|Heat Crash|p2a: Pincurchin
|-damage|p2a: Pincurchin|128/258
|move|p2a: Pincurchin|Curse|p2a: Pincurchin
|-unboost|p2a: Pincurchin|spe|1
|-boost|p2a: Pincurchin|atk|1
|-boost|p2a: Pincurchin|def|1
|
|-heal|p2a: Pincurchin|144/258|[from] item: Leftovers
|-damage|p1a: Gouging Fire|166/277 par|[from] Leech Seed|[of] p2a: Pincurchin
|-heal|p2a: Pincurchin|178/258|[silent]
|upkeep
|turn|32
|
|t:|1772744858
|cant|p1a: Gouging Fire|par
|move|p2a: Pincurchin|Curse|p2a: Pincurchin
|-unboost|p2a: Pincurchin|spe|1
|-boost|p2a: Pincurchin|atk|1
|-boost|p2a: Pincurchin|def|1
|
|-heal|p2a: Pincurchin|194/258|[from] item: Leftovers
|-damage|p1a: Gouging Fire|132/277 par|[from] Leech Seed|[of] p2a: Pincurchin
|-heal|p2a: Pincurchin|228/258|[silent]
|upkeep
|turn|33
|
|t:|1772744861
|move|p1a: Gouging Fire|Heat Crash|p2a: Pincurchin
|-damage|p2a: Pincurchin|162/258
|move|p2a: Pincurchin|Curse|p2a: Pincurchin
|-unboost|p2a: Pincurchin|spe|1
|-boost|p2a: Pincurchin|atk|1
|-boost|p2a: Pincurchin|def|1
|
|-heal|p2a: Pincurchin|178/258|[from] item: Leftovers
|-damage|p1a: Gouging Fire|98/277 par|[from] Leech Seed|[of] p2a: Pincurchin
|-heal|p2a: Pincurchin|212/258|[silent]
|upkeep
|turn|34
|
|t:|1772744864
|cant|p1a: Gouging Fire|par
|move|p2a: Pincurchin|Curse|p2a: Pincurchin
|-unboost|p2a: Pincurchin|spe|1
|-boost|p2a: Pincurchin|atk|1
|-boost|p2a: Pincurchin|def|1
|
|-heal|p2a: Pincurchin|228/258|[from] item: Leftovers
|-damage|p1a: Gouging Fire|64/277 par|[from] Leech Seed|[of] p2a: Pincurchin
|-heal|p2a: Pincurchin|258/258|[silent]
|upkeep
|turn|35
|
|t:|1772744866
|move|p1a: Gouging Fire|Heat Crash|p2a: Pincurchin
|-damage|p2a: Pincurchin|210/258
|move|p2a: Pincurchin|Curse|p2a: Pincurchin
|-unboost|p2a: Pincurchin|spe|1
|-boost|p2a: Pincurchin|atk|1
|-boost|p2a: Pincurchin|def|1
|
|-heal|p2a: Pincurchin|226/258|[from] item: Leftovers
|-damage|p1a: Gouging Fire|30/277 par|[from] Leech Seed|[of] p2a: Pincurchin
|-heal|p2a: Pincurchin|258/258|[silent]
|-fieldend|move: Electric Terrain
|upkeep
|turn|36
|
|t:|1772744868
|move|p1a: Gouging Fire|Heat Crash|p2a: Pincurchin
|-damage|p2a: Pincurchin|216/258
|move|p2a: Pincurchin|Curse|p2a: Pincurchin
|-unboost|p2a: Pincurchin|spe|1
|-boost|p2a: Pincurchin|atk|1
|-boost|p2a: Pincurchin|def|1
|
|-heal|p2a: Pincurchin|232/258|[from] item: Leftovers
|-damage|p1a: Gouging Fire|0 fnt|[from] Leech Seed|[of] p2a: Pincurchin
|-heal|p2a: Pincurchin|258/258|[silent]
|faint|p1a: Gouging Fire
|-end|p1a: Gouging Fire|Protosynthesis|[silent]
|upkeep
|
|t:|1772744870
|switch|p1a: Lunala|Lunala, L70|308/308 psn
|turn|37
|
|t:|1772744878
|move|p1a: Lunala|Moongeist Beam|p2a: Pincurchin
|-damage|p2a: Pincurchin|173/258
|move|p2a: Pincurchin|Zing Zap|p1a: Lunala
|-damage|p1a: Lunala|0 fnt
|faint|p1a: Lunala
|
|win|isoooo
|raw|omapolis's rating: 1513 &rarr; <strong>1495</strong><br />(-18 for losing)
|raw|isoooo's rating: 1552 &rarr; <strong>1570</strong><br />(+18 for winning)
|l|☆omapolis
|player|p1|
|l|☆isoooo
|player|p2|
|j|☆isoooo
|player|p2|isoooo|lucas|
