|j|☆StrongestBoss
|j|☆ozebe
|t:|1776977341
|gametype|singles
|player|p1|StrongestBoss|dawn|1149
|player|p2|ozebe|n|1107
|gen|9
|tier|[Gen 9] Random Battle
|rated|
|rule|Species Clause: Limit one of each Pokémon
|rule|HP Percentage Mod: HP is shown in percentages
|rule|Sleep Clause Mod: Limit one foe put to sleep
|rule|Illusion Level Mod: Illusion disguises the Pokémon's true level
|
|t:|1776977341
|teamsize|p1|6
|teamsize|p2|6
|start
|switch|p1a: Virizion|Virizion, L82|283/283
|switch|p2a: Clefable|Clefable, L83, M|293/293
|turn|1
|
|t:|1776977369
|switch|p1a: Clodsire|Clodsire, L81, F|343/343
|move|p2a: Clefable|Calm Mind|p2a: Clefable
|-boost|p2a: Clefable|spa|1
|-boost|p2a: Clefable|spd|1
|
|upkeep
|turn|2
|
|t:|1776977384
|move|p2a: Clefable|Calm Mind|p2a: Clefable
|-boost|p2a: Clefable|spa|1
|-boost|p2a: Clefable|spd|1
|move|p1a: Clodsire|Spikes|p2a: Clefable
|-sidestart|p2: ozebe|Spikes
|
|upkeep
|turn|3
|
|t:|1776977392
|move|p2a: Clefable|Calm Mind|p2a: Clefable
|-boost|p2a: Clefable|spa|1
|-boost|p2a: Clefable|spd|1
|move|p1a: Clodsire|Spikes|p2a: Clefable
|-sidestart|p2: ozebe|Spikes
|
|upkeep
|turn|4
|
|t:|1776977398
|move|p2a: Clefable|Calm Mind|p2a: Clefable
|-boost|p2a: Clefable|spa|1
|-boost|p2a: Clefable|spd|1
|move|p1a: Clodsire|Spikes|p2a: Clefable
|-sidestart|p2: ozebe|Spikes
|
|upkeep
|turn|5
|
|t:|1776977409
|move|p2a: Clefable|Calm Mind|p2a: Clefable
|-boost|p2a: Clefable|spa|1
|-boost|p2a: Clefable|spd|1
|move|p1a: Clodsire|Toxic|p2a: Clefable
|-status|p2a: Clefable|tox
|
|upkeep
|turn|6
|
|t:|1776977424
|move|p2a: Clefable|Fire Blast|p1a: Clodsire
|-damage|p1a: Clodsire|246/343
|-status|p1a: Clodsire|brn
|move|p1a: Clodsire|Earthquake|p2a: Clefable
|-damage|p2a: Clefable|242/293 tox
|
|-heal|p1a: Clodsire|267/343 brn|[from] item: Leftovers
|-damage|p1a: Clodsire|246/343 brn|[from] brn
|upkeep
|turn|7
|l|☆StrongestBoss
|player|p1|
|j|☆StrongestBoss
|player|p1|StrongestBoss|dawn|
|
|t:|1776977457
|move|p2a: Clefable|Moonblast|p1a: Clodsire
|-resisted|p1a: Clodsire
|-damage|p1a: Clodsire|191/343 brn
|move|p1a: Clodsire|Earthquake|p2a: Clefable
|-damage|p2a: Clefable|199/293 tox
|
|-heal|p1a: Clodsire|212/343 brn|[from] item: Leftovers
|-damage|p1a: Clodsire|191/343 brn|[from] brn
|upkeep
|turn|8
|
|t:|1776977469
|move|p2a: Clefable|Moonblast|p1a: Clodsire
|-resisted|p1a: Clodsire
|-damage|p1a: Clodsire|133/343 brn
|move|p1a: Clodsire|Recover|p1a: Clodsire
|-heal|p1a: Clodsire|305/343 brn
|
|-heal|p1a: Clodsire|326/343 brn|[from] item: Leftovers
|-damage|p1a: Clodsire|305/343 brn|[from] brn
|upkeep
|turn|9
|
|t:|1776977501
|move|p2a: Clefable|Moonblast|p1a: Clodsire
|-resisted|p1a: Clodsire
|-damage|p1a: Clodsire|245/343 brn
|move|p1a: Clodsire|Earthquake|p2a: Clefable
|-damage|p2a: Clefable|153/293 tox
|
|-heal|p1a: Clodsire|266/343 brn|[from] item: Leftovers
|-damage|p1a: Clodsire|245/343 brn|[from] brn
|upkeep
|turn|10
|
|t:|1776977515
|switch|p1a: Haxorus|Haxorus, L77, M|244/244
|-ability|p1a: Haxorus|Mold Breaker
|move|p2a: Clefable|Moonblast|p1a: Haxorus
|-supereffective|p1a: Haxorus
|-damage|p1a: Haxorus|0 fnt
|faint|p1a: Haxorus
|
|upkeep
|
|t:|1776977533
|switch|p1a: Glimmora|Glimmora, L75, F|248/248
|turn|11
|
|t:|1776977545
|move|p1a: Glimmora|Meteor Beam||[still]
|-prepare|p1a: Glimmora|Meteor Beam
|-boost|p1a: Glimmora|spa|1
|-enditem|p1a: Glimmora|Power Herb
|-anim|p1a: Glimmora|Meteor Beam|p2a: Clefable
|-damage|p2a: Clefable|93/293 tox
|move|p2a: Clefable|Moonlight|p2a: Clefable
|-heal|p2a: Clefable|239/293 tox
|
|upkeep
|turn|12
|
|t:|1776977578
|move|p1a: Glimmora|Sludge Wave|p2a: Clefable
|-supereffective|p2a: Clefable
|-damage|p2a: Clefable|143/293 tox
|move|p2a: Clefable|Fire Blast|p1a: Glimmora|[miss]
|-miss|p2a: Clefable|p1a: Glimmora
|
|upkeep
|turn|13
|
|t:|1776977587
|move|p1a: Glimmora|Sludge Wave|p2a: Clefable
|-supereffective|p2a: Clefable
|-damage|p2a: Clefable|47/293 tox
|move|p2a: Clefable|Moonlight|p2a: Clefable
|-heal|p2a: Clefable|193/293 tox
|
|upkeep
|turn|14
|
|t:|1776977611
|move|p1a: Glimmora|Sludge Wave|p2a: Clefable
|-supereffective|p2a: Clefable
|-damage|p2a: Clefable|107/293 tox
|move|p2a: Clefable|Calm Mind|p2a: Clefable
|-boost|p2a: Clefable|spa|1
|-boost|p2a: Clefable|spd|1
|
|upkeep
|turn|15
|
|t:|1776977620
|move|p1a: Glimmora|Sludge Wave|p2a: Clefable
|-supereffective|p2a: Clefable
|-damage|p2a: Clefable|33/293 tox
|move|p2a: Clefable|Moonlight|p2a: Clefable
|-heal|p2a: Clefable|179/293 tox
|
|upkeep
|turn|16
|
|t:|1776977628
|move|p1a: Glimmora|Sludge Wave|p2a: Clefable
|-supereffective|p2a: Clefable
|-damage|p2a: Clefable|105/293 tox
|move|p2a: Clefable|Moonlight|p2a: Clefable
|-heal|p2a: Clefable|251/293 tox
|
|upkeep
|turn|17
|
|t:|1776977638
|move|p1a: Glimmora|Sludge Wave|p2a: Clefable
|-supereffective|p2a: Clefable
|-damage|p2a: Clefable|177/293 tox
|move|p2a: Clefable|Moonblast|p1a: Glimmora
|-resisted|p1a: Glimmora
|-damage|p1a: Glimmora|0 fnt
|faint|p1a: Glimmora
|
|upkeep
|
|t:|1776977654
|switch|p1a: Virizion|Virizion, L82|283/283
|turn|18
|
|t:|1776977676
|move|p1a: Virizion|Leaf Blade|p2a: Clefable
|-crit|p2a: Clefable
|-damage|p2a: Clefable|0 fnt
|faint|p2a: Clefable
|-damage|p1a: Virizion|255/283|[from] item: Life Orb
|
|upkeep
|
|t:|1776977694
|switch|p2a: Delibird|Delibird, M|252/252
|turn|19
|
|t:|1776977698
|move|p1a: Virizion|Stone Edge|p2a: Delibird
|-supereffective|p2a: Delibird
|-damage|p2a: Delibird|0 fnt
|faint|p2a: Delibird
|-damage|p1a: Virizion|227/283|[from] item: Life Orb
|
|upkeep
|
|t:|1776977708
|switch|p2a: Wugtrio|Wugtrio, L91, M|212/212
|-damage|p2a: Wugtrio|159/212|[from] Spikes
|turn|20
|
|t:|1776977733
|move|p2a: Wugtrio|Stomping Tantrum|p1a: Virizion
|-resisted|p1a: Virizion
|-damage|p1a: Virizion|172/283
|move|p1a: Virizion|Leaf Blade|p2a: Wugtrio
|-supereffective|p2a: Wugtrio
|-damage|p2a: Wugtrio|0 fnt
|-ability|p2a: Wugtrio|Gooey
|-unboost|p1a: Virizion|spe|1
|faint|p2a: Wugtrio
|-damage|p1a: Virizion|144/283|[from] item: Life Orb
|
|upkeep
|
|t:|1776977751
|switch|p2a: Eternatus|Eternatus, L69|308/308
|-damage|p2a: Eternatus|231/308|[from] Spikes
|-ability|p2a: Eternatus|Pressure
|turn|21
|
|t:|1776977764
|switch|p1a: Clodsire|Clodsire, L81, F|245/343 brn
|-terastallize|p2a: Eternatus|Dragon
|move|p2a: Eternatus|Sludge Bomb|p1a: Clodsire
|-resisted|p1a: Clodsire
|-damage|p1a: Clodsire|226/343 brn
|
|-heal|p1a: Clodsire|247/343 brn|[from] item: Leftovers
|-damage|p1a: Clodsire|226/343 brn|[from] brn
|upkeep
|turn|22
|
|t:|1776977779
|move|p2a: Eternatus|Dynamax Cannon|p1a: Clodsire
|-damage|p1a: Clodsire|108/343 brn
|move|p1a: Clodsire|Recover|p1a: Clodsire
|-heal|p1a: Clodsire|280/343 brn
|
|-heal|p1a: Clodsire|301/343 brn|[from] item: Leftovers
|-damage|p1a: Clodsire|280/343 brn|[from] brn
|upkeep
|turn|23
|
|t:|1776977789
|move|p2a: Eternatus|Dynamax Cannon|p1a: Clodsire
|-crit|p1a: Clodsire
|-damage|p1a: Clodsire|80/343 brn
|move|p1a: Clodsire|Toxic|p2a: Eternatus
|-status|p2a: Eternatus|tox
|
|-heal|p1a: Clodsire|101/343 brn|[from] item: Leftovers
|-damage|p2a: Eternatus|212/308 tox|[from] psn
|-damage|p1a: Clodsire|80/343 brn|[from] brn
|upkeep
|turn|24
|
|t:|1776977817
|-terastallize|p1a: Clodsire|Steel
|move|p2a: Eternatus|Fire Blast|p1a: Clodsire
|-supereffective|p1a: Clodsire
|-damage|p1a: Clodsire|0 fnt
|faint|p1a: Clodsire
|
|-damage|p2a: Eternatus|174/308 tox|[from] psn
|upkeep
|
|t:|1776977848
|switch|p1a: Virizion|Virizion, L82|144/283
|turn|25
|
|t:|1776977854
|move|p1a: Virizion|Close Combat|p2a: Eternatus
|-damage|p2a: Eternatus|1/308 tox
|-unboost|p1a: Virizion|def|1
|-unboost|p1a: Virizion|spd|1
|-damage|p1a: Virizion|116/283|[from] item: Life Orb
|move|p2a: Eternatus|Sludge Bomb|p1a: Virizion
|-supereffective|p1a: Virizion
|-damage|p1a: Virizion|0 fnt
|faint|p1a: Virizion
|
|-damage|p2a: Eternatus|0 fnt|[from] psn
|faint|p2a: Eternatus
|upkeep
|
|t:|1776977873
|switch|p1a: Cinderace|Cinderace, L77, F|250/250
|switch|p2a: Cetitan|Cetitan, L82, M|412/412
|-damage|p2a: Cetitan|309/412|[from] Spikes
|turn|26
|
|t:|1776977881
|move|p1a: Cinderace|Pyro Ball|p2a: Cetitan
|-supereffective|p2a: Cetitan
|-damage|p2a: Cetitan|163/412
|-enditem|p2a: Cetitan|Sitrus Berry|[eat]
|-heal|p2a: Cetitan|266/412|[from] item: Sitrus Berry
|move|p2a: Cetitan|Earthquake|p1a: Cinderace
|-supereffective|p1a: Cinderace
|-damage|p1a: Cinderace|80/250
|
|upkeep
|turn|27
|
|t:|1776977899
|move|p2a: Cetitan|Ice Shard|p1a: Cinderace
|-resisted|p1a: Cinderace
|-damage|p1a: Cinderace|54/250
|move|p1a: Cinderace|U-turn|p2a: Cetitan
|-start|p1a: Cinderace|typechange|Bug|[from] ability: Libero
|-crit|p2a: Cetitan
|-damage|p2a: Cetitan|131/412
|
|t:|1776977906
|switch|p1a: Kricketune|Kricketune, L99, F|312/312|[from] U-turn
|
|upkeep
|turn|28
|
|t:|1776977917
|move|p1a: Kricketune|Pounce|p2a: Cetitan
|-damage|p2a: Cetitan|14/412
|-unboost|p2a: Cetitan|spe|1
|move|p2a: Cetitan|Ice Spinner|p1a: Kricketune
|-damage|p1a: Kricketune|194/312
|
|upkeep
|turn|29
|
|t:|1776977926
|move|p2a: Cetitan|Ice Shard|p1a: Kricketune
|-damage|p1a: Kricketune|133/312
|move|p1a: Kricketune|Pounce|p2a: Cetitan
|-damage|p2a: Cetitan|0 fnt
|faint|p2a: Cetitan
|
|upkeep
|
|t:|1776977934
|switch|p2a: Toxtricity|Toxtricity, L82, M|257/257
|-damage|p2a: Toxtricity|193/257|[from] Spikes
|turn|30
|
|t:|1776977988
|move|p1a: Kricketune|Knock Off|p2a: Toxtricity
|-damage|p2a: Toxtricity|91/257
|-enditem|p2a: Toxtricity|Throat Spray|[from] move: Knock Off|[of] p1a: Kricketune
|move|p2a: Toxtricity|Shift Gear|p2a: Toxtricity
|-boost|p2a: Toxtricity|spe|2
|-boost|p2a: Toxtricity|atk|1
|
|upkeep
|turn|31
|
|t:|1776978010
|move|p2a: Toxtricity|Gunk Shot|p1a: Kricketune
|-damage|p1a: Kricketune|0 fnt
|faint|p1a: Kricketune
|
|upkeep
|
|t:|1776978016
|switch|p1a: Cinderace|Cinderace, L77, F|54/250
|turn|32
|
|t:|1776978020
|move|p2a: Toxtricity|Gunk Shot|p1a: Cinderace
|-damage|p1a: Cinderace|0 fnt
|faint|p1a: Cinderace
|
|win|ozebe
|raw|StrongestBoss's rating: 1149 &rarr; <strong>1121</strong><br />(-28 for losing)
|raw|ozebe's rating: 1107 &rarr; <strong>1135</strong><br />(+28 for winning)
