|j|☆fjvhvhmbhv
|j|☆Ckrostmich
|t:|1772744868
|gametype|singles
|player|p1|fjvhvhmbhv|101|1051
|player|p2|Ckrostmich|101|1000
|gen|9
|tier|[Gen 9] Random Battle
|rated|
|rule|Species Clause: Limit one of each Pokémon
|rule|HP Percentage Mod: HP is shown in percentages
|rule|Sleep Clause Mod: Limit one foe put to sleep
|rule|Illusion Level Mod: Illusion disguises the Pokémon's true level
|
|t:|1772744868
|teamsize|p1|6
|teamsize|p2|6
|start
|switch|p1a: Sinistcha|Sinistcha-Masterpiece, L83|254/254
|switch|p2a: Muk|Muk-Alola, L82, M|306/306
|turn|1
|inactive|Battle timer is ON: inactive players will automatically lose when time's up. (requested by fjvhvhmbhv)
|
|t:|1772744896
|switch|p1a: Empoleon|Empoleon, L84, F|278/278
|move|p2a: Muk|Drain Punch|p1a: Empoleon
|-supereffective|p1a: Empoleon
|-damage|p1a: Empoleon|176/278
|
|-heal|p1a: Empoleon|193/278|[from] item: Leftovers
|upkeep
|turn|2
|
|t:|1772744907
|switch|p2a: Shaymin|Shaymin, L82|298/298
|move|p1a: Empoleon|Yawn|p2a: Shaymin
|-start|p2a: Shaymin|move: Yawn|[of] p1a: Empoleon
|
|-heal|p1a: Empoleon|210/278|[from] item: Leftovers
|upkeep
|turn|3
|
|t:|1772744917
|move|p2a: Shaymin|Synthesis|p2a: Shaymin
|-fail|p2a: Shaymin|heal
|move|p1a: Empoleon|Yawn||[still]
|-fail|p1a: Empoleon
|
|-heal|p1a: Empoleon|227/278|[from] item: Leftovers
|-end|p2a: Shaymin|move: Yawn|[silent]
|-status|p2a: Shaymin|slp
|upkeep
|turn|4
|
|t:|1772744926
|cant|p2a: Shaymin|slp
|move|p1a: Empoleon|Ice Beam|p2a: Shaymin
|-supereffective|p2a: Shaymin
|-damage|p2a: Shaymin|154/298 slp
|
|-heal|p2a: Shaymin|172/298 slp|[from] item: Leftovers
|-heal|p1a: Empoleon|244/278|[from] item: Leftovers
|upkeep
|turn|5
|
|t:|1772744935
|cant|p2a: Shaymin|slp
|move|p1a: Empoleon|Ice Beam|p2a: Shaymin
|-supereffective|p2a: Shaymin
|-damage|p2a: Shaymin|50/298 slp
|
|-heal|p2a: Shaymin|68/298 slp|[from] item: Leftovers
|-heal|p1a: Empoleon|261/278|[from] item: Leftovers
|upkeep
|turn|6
|
|t:|1772744944
|-curestatus|p2a: Shaymin|slp|[msg]
|move|p2a: Shaymin|Synthesis|p2a: Shaymin
|-heal|p2a: Shaymin|217/298
|move|p1a: Empoleon|Ice Beam|p2a: Shaymin
|-supereffective|p2a: Shaymin
|-damage|p2a: Shaymin|81/298
|
|-heal|p2a: Shaymin|99/298|[from] item: Leftovers
|-heal|p1a: Empoleon|278/278|[from] item: Leftovers
|upkeep
|turn|7
|
|t:|1772744955
|move|p2a: Shaymin|Synthesis|p2a: Shaymin
|-heal|p2a: Shaymin|248/298
|move|p1a: Empoleon|Ice Beam|p2a: Shaymin
|-supereffective|p2a: Shaymin
|-damage|p2a: Shaymin|120/298
|
|-heal|p2a: Shaymin|138/298|[from] item: Leftovers
|upkeep
|turn|8
|
|t:|1772744964
|move|p2a: Shaymin|Seed Flare|p1a: Empoleon
|-damage|p1a: Empoleon|166/278
|move|p1a: Empoleon|Yawn|p2a: Shaymin
|-start|p2a: Shaymin|move: Yawn|[of] p1a: Empoleon
|
|-heal|p2a: Shaymin|156/298|[from] item: Leftovers
|-heal|p1a: Empoleon|183/278|[from] item: Leftovers
|upkeep
|turn|9
|
|t:|1772744973
|move|p2a: Shaymin|Seed Flare|p1a: Empoleon
|-damage|p1a: Empoleon|75/278
|-unboost|p1a: Empoleon|spd|2
|-ability|p1a: Empoleon|Competitive|boost
|-boost|p1a: Empoleon|spa|2
|move|p1a: Empoleon|Ice Beam|p2a: Shaymin
|-supereffective|p2a: Shaymin
|-damage|p2a: Shaymin|0 fnt
|faint|p2a: Shaymin
|
|-heal|p1a: Empoleon|92/278|[from] item: Leftovers
|upkeep
|
|t:|1772744987
|switch|p2a: Infernape|Infernape, L82, M|259/259
|turn|10
|
|t:|1772744994
|switch|p2a: Weezing|Weezing, L88, F|258/258
|switch|p1a: Grumpig|Grumpig, L92, F|297/297
|
|upkeep
|turn|11
|
|t:|1772745001
|move|p1a: Grumpig|Nasty Plot|p1a: Grumpig
|-boost|p1a: Grumpig|spa|2
|move|p2a: Weezing|Will-O-Wisp|p1a: Grumpig|[miss]
|-miss|p2a: Weezing|p1a: Grumpig
|
|upkeep
|turn|12
|
|t:|1772745008
|move|p1a: Grumpig|Psychic|p2a: Weezing
|-supereffective|p2a: Weezing
|-damage|p2a: Weezing|0 fnt
|faint|p2a: Weezing
|
|upkeep
|
|t:|1772745017
|switch|p2a: Muk|Muk-Alola, L82, M|306/306
|turn|13
|
|t:|1772745029
|-terastallize|p2a: Muk|Dark
|move|p1a: Grumpig|Earth Power|p2a: Muk
|-damage|p2a: Muk|222/306
|-unboost|p2a: Muk|spd|1
|move|p2a: Muk|Drain Punch|p1a: Grumpig
|-resisted|p1a: Grumpig
|-damage|p1a: Grumpig|269/297
|-heal|p2a: Muk|236/306|[from] drain|[of] p1a: Grumpig
|
|-heal|p1a: Grumpig|287/297|[from] item: Leftovers
|upkeep
|turn|14
|
|t:|1772745046
|move|p2a: Muk|Shadow Sneak|p1a: Grumpig
|-supereffective|p1a: Grumpig
|-damage|p1a: Grumpig|223/297
|move|p1a: Grumpig|Dazzling Gleam|p2a: Muk
|-supereffective|p2a: Muk
|-damage|p2a: Muk|16/306
|
|-heal|p1a: Grumpig|241/297|[from] item: Leftovers
|upkeep
|turn|15
|
|t:|1772745063
|move|p1a: Grumpig|Dazzling Gleam|p2a: Muk
|-supereffective|p2a: Muk
|-damage|p2a: Muk|0 fnt
|faint|p2a: Muk
|
|-heal|p1a: Grumpig|259/297|[from] item: Leftovers
|upkeep
|
|t:|1772745073
|switch|p2a: Bombirdier|Bombirdier, L85, M|258/258
|turn|16
|
|t:|1772745078
|move|p1a: Grumpig|Dazzling Gleam|p2a: Bombirdier
|-supereffective|p2a: Bombirdier
|-damage|p2a: Bombirdier|18/258
|move|p2a: Bombirdier|Knock Off|p1a: Grumpig
|-supereffective|p1a: Grumpig
|-damage|p1a: Grumpig|0 fnt
|-enditem|p1a: Grumpig|Leftovers|[from] move: Knock Off|[of] p2a: Bombirdier
|faint|p1a: Grumpig
|
|upkeep
|
|t:|1772745087
|switch|p1a: Deoxys|Deoxys, L74|196/196
|-ability|p1a: Deoxys|Pressure
|turn|17
|
|t:|1772745093
|move|p1a: Deoxys|Extreme Speed|p2a: Bombirdier
|-damage|p2a: Bombirdier|0 fnt
|faint|p2a: Bombirdier
|-damage|p1a: Deoxys|177/196|[from] item: Life Orb
|
|upkeep
|
|t:|1772745100
|switch|p2a: Delibird|Delibird, F|252/252
|turn|18
|
|t:|1772745113
|move|p1a: Deoxys|Psycho Boost|p2a: Delibird
|-damage|p2a: Delibird|0 fnt
|-unboost|p1a: Deoxys|spa|2
|faint|p2a: Delibird
|-damage|p1a: Deoxys|158/196|[from] item: Life Orb
|
|upkeep
|
|t:|1772745121
|switch|p2a: Infernape|Infernape, L82, M|259/259
|turn|19
|
|t:|1772745127
|switch|p1a: Empoleon|Empoleon, L84, F|92/278
|move|p2a: Infernape|Overheat|p1a: Empoleon
|-damage|p1a: Empoleon|0 fnt
|-unboost|p2a: Infernape|spa|2
|faint|p1a: Empoleon
|-damage|p2a: Infernape|234/259|[from] item: Life Orb
|
|upkeep
|
|t:|1772745134
|switch|p1a: Bellossom|Bellossom, L84, M|263/263
|turn|20
|
|t:|1772745140
|move|p2a: Infernape|Overheat|p1a: Bellossom
|-supereffective|p1a: Bellossom
|-damage|p1a: Bellossom|91/263
|-unboost|p2a: Infernape|spa|2
|-damage|p2a: Infernape|209/259|[from] item: Life Orb
|move|p1a: Bellossom|Quiver Dance|p1a: Bellossom
|-boost|p1a: Bellossom|spa|1
|-boost|p1a: Bellossom|spd|1
|-boost|p1a: Bellossom|spe|1
|
|-heal|p1a: Bellossom|107/263|[from] item: Leftovers
|upkeep
|turn|21
|
|t:|1772745151
|move|p2a: Infernape|Overheat|p1a: Bellossom
|-supereffective|p1a: Bellossom
|-damage|p1a: Bellossom|34/263
|-unboost|p2a: Infernape|spa|2
|-damage|p2a: Infernape|184/259|[from] item: Life Orb
|move|p1a: Bellossom|Giga Drain|p2a: Infernape
|-resisted|p2a: Infernape
|-damage|p2a: Infernape|119/259
|-heal|p1a: Bellossom|67/263|[from] drain|[of] p2a: Infernape
|
|-heal|p1a: Bellossom|83/263|[from] item: Leftovers
|upkeep
|turn|22
|
|t:|1772745163
|move|p2a: Infernape|Overheat|p1a: Bellossom
|-supereffective|p1a: Bellossom
|-damage|p1a: Bellossom|26/263
|-damage|p2a: Infernape|94/259|[from] item: Life Orb
|move|p1a: Bellossom|Strength Sap|p2a: Infernape
|-unboost|p2a: Infernape|atk|1
|-heal|p1a: Bellossom|244/263
|
|-heal|p1a: Bellossom|260/263|[from] item: Leftovers
|upkeep
|turn|23
|
|t:|1772745177
|move|p2a: Infernape|Stone Edge|p1a: Bellossom|[miss]
|-miss|p2a: Infernape|p1a: Bellossom
|move|p1a: Bellossom|Quiver Dance|p1a: Bellossom
|-boost|p1a: Bellossom|spa|1
|-boost|p1a: Bellossom|spd|1
|-boost|p1a: Bellossom|spe|1
|
|-heal|p1a: Bellossom|263/263|[from] item: Leftovers
|upkeep
|turn|24
|
|t:|1772745189
|move|p1a: Bellossom|Quiver Dance|p1a: Bellossom
|-boost|p1a: Bellossom|spa|1
|-boost|p1a: Bellossom|spd|1
|-boost|p1a: Bellossom|spe|1
|move|p2a: Infernape|Overheat|p1a: Bellossom
|-supereffective|p1a: Bellossom
|-damage|p1a: Bellossom|229/263
|-damage|p2a: Infernape|69/259|[from] item: Life Orb
|
|-heal|p1a: Bellossom|245/263|[from] item: Leftovers
|upkeep
|turn|25
|
|t:|1772745201
|move|p1a: Bellossom|Giga Drain|p2a: Infernape
|-resisted|p2a: Infernape
|-damage|p2a: Infernape|0 fnt
|-heal|p1a: Bellossom|263/263|[from] drain|[of] p2a: Infernape
|faint|p2a: Infernape
|
|win|fjvhvhmbhv
|raw|fjvhvhmbhv's rating: 1051 &rarr; <strong>1079</strong><br />(+28 for winning)
|raw|Ckrostmich's rating: 1000 &rarr; <strong>1000</strong><br />(+0 for losing)
|l|☆fjvhvhmbhv
|player|p1|
