|j|☆Frikipulpo
|j|☆LrLawrencium
|t:|1772744429
|gametype|singles
|player|p1|Frikipulpo|benga|1561
|player|p2|LrLawrencium|marshal|1511
|gen|9
|tier|[Gen 9] Random Battle
|rated|
|rule|Species Clause: Limit one of each Pokémon
|rule|HP Percentage Mod: HP is shown in percentages
|rule|Sleep Clause Mod: Limit one foe put to sleep
|rule|Illusion Level Mod: Illusion disguises the Pokémon's true level
|
|t:|1772744429
|teamsize|p1|6
|teamsize|p2|6
|start
|switch|p1a: Ninetales|Ninetales-Alola, L78, F|242/242
|switch|p2a: Infernape|Infernape, L82, F|259/259
|-weather|Snowscape|[from] ability: Snow Warning|[of] p1a: Ninetales
|turn|1
|inactive|Battle timer is ON: inactive players will automatically lose when time's up. (requested by LrLawrencium)
|
|t:|1772744456
|switch|p1a: Golem|Golem-Alola, L93, F|300/300
|move|p2a: Infernape|Overheat|p1a: Golem|[miss]
|-miss|p2a: Infernape|p1a: Golem
|
|-weather|Snowscape|[upkeep]
|upkeep
|turn|2
|
|t:|1772744465
|move|p2a: Infernape|Grass Knot|p1a: Golem
|-supereffective|p1a: Golem
|-crit|p1a: Golem
|-damage|p1a: Golem|0 fnt
|faint|p1a: Golem
|-damage|p2a: Infernape|234/259|[from] item: Life Orb
|
|-weather|Snowscape|[upkeep]
|upkeep
|
|t:|1772744470
|switch|p1a: Seviper|Seviper, L93, M|287/287
|turn|3
|
|t:|1772744478
|move|p2a: Infernape|Knock Off|p1a: Seviper
|-damage|p1a: Seviper|187/287
|-enditem|p1a: Seviper|Leftovers|[from] move: Knock Off|[of] p2a: Infernape
|-damage|p2a: Infernape|209/259|[from] item: Life Orb
|move|p1a: Seviper|Earthquake|p2a: Infernape
|-supereffective|p2a: Infernape
|-damage|p2a: Infernape|15/259
|
|-weather|Snowscape|[upkeep]
|upkeep
|turn|4
|
|t:|1772744485
|move|p2a: Infernape|Overheat|p1a: Seviper
|-damage|p1a: Seviper|0 fnt
|-unboost|p2a: Infernape|spa|2
|faint|p1a: Seviper
|-damage|p2a: Infernape|0 fnt|[from] item: Life Orb
|faint|p2a: Infernape
|
|-weather|Snowscape|[upkeep]
|upkeep
|inactive|Frikipulpo has 120 seconds left.
|inactive|Frikipulpo has 90 seconds left.
|
|t:|1772744569
|switch|p2a: Bronzong|Bronzong, L88|261/261
|switch|p1a: Ninetales|Ninetales-Alola, L78, F|242/242
|turn|5
|
|t:|1772744575
|move|p1a: Ninetales|Aurora Veil|p1a: Ninetales
|-sidestart|p1: Frikipulpo|move: Aurora Veil
|move|p2a: Bronzong|Iron Head|p1a: Ninetales
|-supereffective|p1a: Ninetales
|-damage|p1a: Ninetales|98/242
|
|-weather|none
|upkeep
|turn|6
|
|t:|1772744587
|switch|p1a: Malamar|Malamar, L82, M|275/275
|move|p2a: Bronzong|Iron Head|p1a: Malamar
|-damage|p1a: Malamar|229/275
|
|upkeep
|turn|7
|
|t:|1772744600
|move|p1a: Malamar|Superpower|p2a: Bronzong
|-damage|p2a: Bronzong|204/261
|-boost|p1a: Malamar|atk|1
|-boost|p1a: Malamar|def|1
|move|p2a: Bronzong|Iron Defense|p2a: Bronzong
|-boost|p2a: Bronzong|def|2
|
|-heal|p2a: Bronzong|220/261|[from] item: Leftovers
|upkeep
|turn|8
|
|t:|1772744608
|move|p1a: Malamar|Superpower|p2a: Bronzong
|-damage|p2a: Bronzong|171/261
|-boost|p1a: Malamar|atk|1
|-boost|p1a: Malamar|def|1
|move|p2a: Bronzong|Body Press|p1a: Malamar
|-damage|p1a: Malamar|192/275
|
|-heal|p2a: Bronzong|187/261|[from] item: Leftovers
|upkeep
|turn|9
|
|t:|1772744613
|move|p1a: Malamar|Superpower|p2a: Bronzong
|-damage|p2a: Bronzong|130/261
|-boost|p1a: Malamar|atk|1
|-boost|p1a: Malamar|def|1
|move|p2a: Bronzong|Body Press|p1a: Malamar
|-damage|p1a: Malamar|163/275
|
|-heal|p2a: Bronzong|146/261|[from] item: Leftovers
|upkeep
|turn|10
|
|t:|1772744617
|move|p1a: Malamar|Superpower|p2a: Bronzong
|-damage|p2a: Bronzong|71/261
|-boost|p1a: Malamar|atk|1
|-boost|p1a: Malamar|def|1
|move|p2a: Bronzong|Iron Defense|p2a: Bronzong
|-boost|p2a: Bronzong|def|2
|
|-heal|p2a: Bronzong|87/261|[from] item: Leftovers
|upkeep
|turn|11
|inactive|Frikipulpo has 120 seconds left.
|
|t:|1772744623
|move|p1a: Malamar|Knock Off|p2a: Bronzong
|-supereffective|p2a: Bronzong
|-damage|p2a: Bronzong|0 fnt
|-enditem|p2a: Bronzong|Leftovers|[from] move: Knock Off|[of] p1a: Malamar
|faint|p2a: Bronzong
|
|upkeep
|
|t:|1772744631
|switch|p2a: Electrode|Electrode-Hisui, L87|246/246
|turn|12
|
|t:|1772744634
|move|p2a: Electrode|Volt Switch|p1a: Malamar
|-damage|p1a: Malamar|116/275
|-damage|p2a: Electrode|222/246|[from] item: Life Orb
|
|t:|1772744637
|switch|p2a: Gyarados|Gyarados, L79, F|280/280|[from] Volt Switch
|move|p1a: Malamar|Knock Off|p2a: Gyarados
|-damage|p2a: Gyarados|0 fnt
|-enditem|p2a: Gyarados|Heavy-Duty Boots|[from] move: Knock Off|[of] p1a: Malamar
|faint|p2a: Gyarados
|
|-sideend|p1: Frikipulpo|move: Aurora Veil
|upkeep
|
|t:|1772744640
|switch|p2a: Electrode|Electrode-Hisui, L87|222/246
|turn|13
|
|t:|1772744643
|move|p2a: Electrode|Leaf Storm|p1a: Malamar
|-crit|p1a: Malamar
|-damage|p1a: Malamar|0 fnt
|-unboost|p2a: Electrode|spa|2
|faint|p1a: Malamar
|-damage|p2a: Electrode|198/246|[from] item: Life Orb
|
|upkeep
|
|t:|1772744647
|switch|p1a: Ninetales|Ninetales-Alola, L78, F|98/242
|-weather|Snowscape|[from] ability: Snow Warning|[of] p1a: Ninetales
|turn|14
|
|t:|1772744650
|move|p2a: Electrode|Thunder Wave|p1a: Ninetales
|-status|p1a: Ninetales|par
|cant|p1a: Ninetales|par
|
|-weather|Snowscape|[upkeep]
|upkeep
|turn|15
|
|t:|1772744656
|move|p2a: Electrode|Volt Switch|p1a: Ninetales
|-damage|p1a: Ninetales|55/242 par
|-damage|p2a: Electrode|174/246|[from] item: Life Orb
|
|t:|1772744660
|switch|p2a: Bisharp|Bisharp, L79, M|232/232|[from] Volt Switch
|cant|p1a: Ninetales|par
|
|-weather|Snowscape|[upkeep]
|upkeep
|turn|16
|inactive|Frikipulpo has 120 seconds left.
|
|t:|1772744713
|move|p2a: Bisharp|Swords Dance|p2a: Bisharp
|-boost|p2a: Bisharp|atk|2
|move|p1a: Ninetales|Aurora Veil|p1a: Ninetales
|-sidestart|p1: Frikipulpo|move: Aurora Veil
|
|-weather|Snowscape|[upkeep]
|upkeep
|turn|17
|
|t:|1772744725
|switch|p1a: Milotic|Milotic, L83, M|293/293
|move|p2a: Bisharp|Iron Head|p1a: Milotic
|-resisted|p1a: Milotic
|-damage|p1a: Milotic|240/293
|
|-weather|Snowscape|[upkeep]
|-heal|p1a: Milotic|258/293|[from] item: Leftovers
|upkeep
|turn|18
|
|t:|1772744730
|move|p1a: Milotic|Scald|p2a: Bisharp
|-damage|p2a: Bisharp|163/232
|move|p2a: Bisharp|Swords Dance|p2a: Bisharp
|-boost|p2a: Bisharp|atk|2
|
|-weather|none
|-heal|p1a: Milotic|276/293|[from] item: Leftovers
|upkeep
|turn|19
|
|t:|1772744733
|move|p2a: Bisharp|Swords Dance|p2a: Bisharp
|-boost|p2a: Bisharp|atk|2
|move|p1a: Milotic|Dragon Tail|p2a: Bisharp
|-resisted|p2a: Bisharp
|-damage|p2a: Bisharp|154/232
|drag|p2a: Electrode|Electrode-Hisui, L87|174/246
|
|-heal|p1a: Milotic|293/293|[from] item: Leftovers
|upkeep
|turn|20
|inactive|Frikipulpo has 120 seconds left.
|inactive|Frikipulpo has 90 seconds left.
|
|t:|1772744795
|-terastallize|p1a: Milotic|Steel
|move|p2a: Electrode|Thunder Wave|p1a: Milotic
|-status|p1a: Milotic|par
|cant|p1a: Milotic|par
|
|upkeep
|turn|21
|
|t:|1772744816
|move|p2a: Electrode|Thunderbolt|p1a: Milotic
|-damage|p1a: Milotic|248/293 par
|-damage|p2a: Electrode|150/246|[from] item: Life Orb
|move|p1a: Milotic|Ice Beam|p2a: Electrode
|-supereffective|p2a: Electrode
|-damage|p2a: Electrode|20/246
|
|-heal|p1a: Milotic|266/293 par|[from] item: Leftovers
|upkeep
|turn|22
|
|t:|1772744821
|move|p2a: Electrode|Volt Switch|p1a: Milotic
|-damage|p1a: Milotic|230/293 par
|-damage|p2a: Electrode|0 fnt|[from] item: Life Orb
|faint|p2a: Electrode
|cant|p1a: Milotic|par
|
|-heal|p1a: Milotic|248/293 par|[from] item: Leftovers
|upkeep
|
|t:|1772744845
|switch|p2a: Gallade|Gallade, L80, M|240/240
|turn|23
|
|t:|1772744849
|move|p2a: Gallade|Sacred Sword|p1a: Milotic
|-supereffective|p1a: Milotic
|-damage|p1a: Milotic|24/293 par
|-damage|p2a: Gallade|216/240|[from] item: Life Orb
|move|p1a: Milotic|Scald|p2a: Gallade
|-damage|p2a: Gallade|147/240
|-status|p2a: Gallade|brn
|
|-heal|p1a: Milotic|42/293 par|[from] item: Leftovers
|-damage|p2a: Gallade|132/240 brn|[from] brn
|-sideend|p1: Frikipulpo|move: Aurora Veil
|upkeep
|turn|24
|
|t:|1772744853
|move|p2a: Gallade|Sacred Sword|p1a: Milotic
|-supereffective|p1a: Milotic
|-damage|p1a: Milotic|0 fnt
|faint|p1a: Milotic
|-damage|p2a: Gallade|108/240 brn|[from] item: Life Orb
|
|-damage|p2a: Gallade|93/240 brn|[from] brn
|upkeep
|inactive|Frikipulpo has 120 seconds left.
|
|t:|1772744864
|switch|p1a: Ninetales|Ninetales-Alola, L78, F|55/242 par
|-weather|Snowscape|[from] ability: Snow Warning|[of] p1a: Ninetales
|turn|25
|
|t:|1772744882
|move|p2a: Gallade|Psycho Cut|p1a: Ninetales
|-damage|p1a: Ninetales|0 fnt
|faint|p1a: Ninetales
|-damage|p2a: Gallade|69/240 brn|[from] item: Life Orb
|
|-weather|Snowscape|[upkeep]
|-damage|p2a: Gallade|54/240 brn|[from] brn
|upkeep
|
|t:|1772744886
|switch|p1a: Noctowl|Noctowl, L95, F|344/344
|turn|26
|
|t:|1772744891
|move|p1a: Noctowl|Hyper Voice|p2a: Gallade
|-damage|p2a: Gallade|0 fnt
|faint|p2a: Gallade
|
|-weather|Snowscape|[upkeep]
|upkeep
|
|t:|1772744894
|switch|p2a: Bisharp|Bisharp, L79, M|154/232
|turn|27
|
|t:|1772744899
|-terastallize|p2a: Bisharp|Ghost
|move|p1a: Noctowl|Hurricane|p2a: Bisharp
|-damage|p2a: Bisharp|42/232
|move|p2a: Bisharp|Swords Dance|p2a: Bisharp
|-boost|p2a: Bisharp|atk|2
|
|-weather|Snowscape|[upkeep]
|upkeep
|turn|28
|
|t:|1772744908
|move|p2a: Bisharp|Sucker Punch|p1a: Noctowl
|-damage|p1a: Noctowl|119/344
|move|p1a: Noctowl|Hurricane|p2a: Bisharp|[miss]
|-miss|p1a: Noctowl|p2a: Bisharp
|
|-weather|Snowscape|[upkeep]
|upkeep
|turn|29
|
|t:|1772744912
|move|p2a: Bisharp|Sucker Punch||[still]
|-fail|p2a: Bisharp
|move|p1a: Noctowl|Roost|p1a: Noctowl
|-heal|p1a: Noctowl|291/344
|-singleturn|p1a: Noctowl|move: Roost
|
|-weather|none
|upkeep
|turn|30
|
|t:|1772744915
|move|p2a: Bisharp|Sucker Punch|p1a: Noctowl
|-damage|p1a: Noctowl|74/344
|move|p1a: Noctowl|Hurricane|p2a: Bisharp
|-damage|p2a: Bisharp|0 fnt
|faint|p2a: Bisharp
|
|win|Frikipulpo
|raw|Frikipulpo's rating: 1561 &rarr; <strong>1578</strong><br />(+17 for winning)
|raw|LrLawrencium's rating: 1511 &rarr; <strong>1494</strong><br />(-17 for losing)
|l|☆LrLawrencium
|player|p2|
