|j|☆dratatax
|j|☆Mugen Kage
|t:|1776979895
|gametype|singles
|player|p1|dratatax|twins-gen4dp|1906
|player|p2|Mugen Kage|hilbert|1840
|gen|9
|tier|[Gen 9] Random Battle
|rated|
|rule|Species Clause: Limit one of each Pokémon
|rule|HP Percentage Mod: HP is shown in percentages
|rule|Sleep Clause Mod: Limit one foe put to sleep
|rule|Illusion Level Mod: Illusion disguises the Pokémon's true level
|
|t:|1776979895
|teamsize|p1|6
|teamsize|p2|6
|start
|switch|p1a: Masquerain|Masquerain, L87, F|264/264
|switch|p2a: Morpeko|Morpeko, L88, F|245/245
|-ability|p1a: Masquerain|Intimidate|boost
|-unboost|p2a: Morpeko|atk|1
|turn|1
|
|t:|1776979934
|switch|p1a: Heracross|Heracross, L80, M|259/259
|move|p2a: Morpeko|Aura Wheel|p1a: Heracross
|-damage|p1a: Heracross|163/259
|-boost|p2a: Morpeko|spe|1
|
|-formechange|p2a: Morpeko|Morpeko-Hangry||[from] ability: Hunger Switch
|upkeep
|turn|2
|
|t:|1776979952
|move|p2a: Morpeko|Protect|p2a: Morpeko
|-singleturn|p2a: Morpeko|Protect
|move|p1a: Heracross|Close Combat|p2a: Morpeko
|-activate|p2a: Morpeko|move: Protect
|
|-formechange|p2a: Morpeko|Morpeko||[from] ability: Hunger Switch
|upkeep
|turn|3
|
|t:|1776979959
|switch|p2a: Sableye|Sableye, L88, F|231/231
|move|p1a: Heracross|Close Combat|p2a: Sableye
|-immune|p2a: Sableye
|
|upkeep
|turn|4
|
|t:|1776979965
|switch|p1a: Stonjourner|Stonjourner, L91, F|330/330
|move|p2a: Sableye|Encore||[still]
|-fail|p2a: Sableye
|
|upkeep
|turn|5
|
|t:|1776979976
|move|p2a: Sableye|Will-O-Wisp|p1a: Stonjourner
|-status|p1a: Stonjourner|brn
|move|p1a: Stonjourner|Heat Crash|p2a: Sableye
|-damage|p2a: Sableye|141/231
|-damage|p1a: Stonjourner|297/330 brn|[from] item: Life Orb
|
|-heal|p2a: Sableye|155/231|[from] item: Leftovers
|-damage|p1a: Stonjourner|277/330 brn|[from] brn
|upkeep
|turn|6
|
|t:|1776979982
|move|p1a: Stonjourner|Stone Edge|p2a: Sableye
|-damage|p2a: Sableye|58/231
|-damage|p1a: Stonjourner|244/330 brn|[from] item: Life Orb
|move|p2a: Sableye|Knock Off|p1a: Stonjourner
|-crit|p1a: Stonjourner
|-damage|p1a: Stonjourner|153/330 brn
|-enditem|p1a: Stonjourner|Life Orb|[from] move: Knock Off|[of] p2a: Sableye
|
|-heal|p2a: Sableye|72/231|[from] item: Leftovers
|-damage|p1a: Stonjourner|133/330 brn|[from] brn
|upkeep
|turn|7
|
|t:|1776979989
|move|p2a: Sableye|Recover|p2a: Sableye
|-heal|p2a: Sableye|188/231
|move|p1a: Stonjourner|Stone Edge|p2a: Sableye|[miss]
|-miss|p1a: Stonjourner|p2a: Sableye
|
|-heal|p2a: Sableye|202/231|[from] item: Leftovers
|-damage|p1a: Stonjourner|113/330 brn|[from] brn
|upkeep
|turn|8
|
|t:|1776979995
|move|p1a: Stonjourner|Heat Crash|p2a: Sableye
|-damage|p2a: Sableye|143/231
|move|p2a: Sableye|Knock Off|p1a: Stonjourner
|-damage|p1a: Stonjourner|73/330 brn
|
|-heal|p2a: Sableye|157/231|[from] item: Leftovers
|-damage|p1a: Stonjourner|53/330 brn|[from] brn
|upkeep
|turn|9
|
|t:|1776980006
|move|p1a: Stonjourner|Stone Edge|p2a: Sableye
|-damage|p2a: Sableye|75/231
|move|p2a: Sableye|Knock Off|p1a: Stonjourner
|-damage|p1a: Stonjourner|10/330 brn
|
|-heal|p2a: Sableye|89/231|[from] item: Leftovers
|-damage|p1a: Stonjourner|0 fnt|[from] brn
|faint|p1a: Stonjourner
|upkeep
|
|t:|1776980022
|switch|p1a: Braviary|Braviary-Hisui, L85, M|326/326
|turn|10
|
|t:|1776980030
|move|p2a: Sableye|Recover|p2a: Sableye
|-heal|p2a: Sableye|205/231
|move|p1a: Braviary|Hurricane|p2a: Sableye
|-damage|p2a: Sableye|52/231
|
|-heal|p2a: Sableye|66/231|[from] item: Leftovers
|upkeep
|turn|11
|
|t:|1776980041
|move|p2a: Sableye|Recover|p2a: Sableye
|-heal|p2a: Sableye|182/231
|move|p1a: Braviary|Hurricane|p2a: Sableye|[miss]
|-miss|p1a: Braviary|p2a: Sableye
|
|-heal|p2a: Sableye|196/231|[from] item: Leftovers
|upkeep
|turn|12
|
|t:|1776980047
|move|p1a: Braviary|Hurricane|p2a: Sableye|[miss]
|-miss|p1a: Braviary|p2a: Sableye
|move|p2a: Sableye|Knock Off|p1a: Braviary
|-supereffective|p1a: Braviary
|-damage|p1a: Braviary|92/326
|-enditem|p1a: Braviary|Heavy-Duty Boots|[from] move: Knock Off|[of] p2a: Sableye
|
|-heal|p2a: Sableye|210/231|[from] item: Leftovers
|upkeep
|turn|13
|
|t:|1776980054
|move|p1a: Braviary|Roost|p1a: Braviary
|-heal|p1a: Braviary|255/326
|-singleturn|p1a: Braviary|move: Roost
|move|p2a: Sableye|Knock Off|p1a: Braviary
|-supereffective|p1a: Braviary
|-damage|p1a: Braviary|117/326
|
|-heal|p2a: Sableye|224/231|[from] item: Leftovers
|upkeep
|turn|14
|
|t:|1776980062
|move|p2a: Sableye|Encore|p1a: Braviary
|-start|p1a: Braviary|Encore
|move|p1a: Braviary|Roost|p1a: Braviary
|-heal|p1a: Braviary|280/326
|-singleturn|p1a: Braviary|move: Roost
|
|-heal|p2a: Sableye|231/231|[from] item: Leftovers
|upkeep
|turn|15
|
|t:|1776980069
|switch|p1a: Masquerain|Masquerain, L87, F|264/264
|-ability|p1a: Masquerain|Intimidate|boost
|-unboost|p2a: Sableye|atk|1
|move|p2a: Sableye|Will-O-Wisp|p1a: Masquerain
|-status|p1a: Masquerain|brn
|
|-damage|p1a: Masquerain|248/264 brn|[from] brn
|upkeep
|turn|16
|
|t:|1776980088
|move|p1a: Masquerain|Quiver Dance|p1a: Masquerain
|-boost|p1a: Masquerain|spa|1
|-boost|p1a: Masquerain|spd|1
|-boost|p1a: Masquerain|spe|1
|move|p2a: Sableye|Knock Off|p1a: Masquerain
|-damage|p1a: Masquerain|170/264 brn
|-enditem|p1a: Masquerain|Heavy-Duty Boots|[from] move: Knock Off|[of] p2a: Sableye
|
|-damage|p1a: Masquerain|154/264 brn|[from] brn
|upkeep
|turn|17
|
|t:|1776980097
|move|p2a: Sableye|Encore|p1a: Masquerain
|-start|p1a: Masquerain|Encore
|move|p1a: Masquerain|Quiver Dance|p1a: Masquerain
|-boost|p1a: Masquerain|spa|1
|-boost|p1a: Masquerain|spd|1
|-boost|p1a: Masquerain|spe|1
|
|-damage|p1a: Masquerain|138/264 brn|[from] brn
|upkeep
|turn|18
|
|t:|1776980102
|switch|p1a: Basculegion|Basculegion-F, L83, F|335/335
|switch|p2a: Morpeko|Morpeko, L88, F|245/245
|
|-formechange|p2a: Morpeko|Morpeko-Hangry||[from] ability: Hunger Switch
|upkeep
|turn|19
|
|t:|1776980110
|-terastallize|p1a: Basculegion|Water
|move|p2a: Morpeko|Knock Off|p1a: Basculegion
|-damage|p1a: Basculegion|202/335
|-enditem|p1a: Basculegion|Choice Specs|[from] move: Knock Off|[of] p2a: Morpeko
|move|p1a: Basculegion|Hydro Pump|p2a: Morpeko
|-damage|p2a: Morpeko|36/245
|
|-heal|p2a: Morpeko|51/245|[from] item: Leftovers
|-formechange|p2a: Morpeko|Morpeko||[from] ability: Hunger Switch
|upkeep
|turn|20
|
|t:|1776980119
|move|p2a: Morpeko|Aura Wheel|p1a: Basculegion
|-supereffective|p1a: Basculegion
|-damage|p1a: Basculegion|0 fnt
|-boost|p2a: Morpeko|spe|1
|faint|p1a: Basculegion
|
|-heal|p2a: Morpeko|66/245|[from] item: Leftovers
|-formechange|p2a: Morpeko|Morpeko-Hangry||[from] ability: Hunger Switch
|upkeep
|
|t:|1776980130
|switch|p1a: Heracross|Heracross, L80, M|163/259
|turn|21
|
|t:|1776980138
|move|p2a: Morpeko|Protect|p2a: Morpeko
|-singleturn|p2a: Morpeko|Protect
|move|p1a: Heracross|Earthquake|p2a: Morpeko
|-activate|p2a: Morpeko|move: Protect
|
|-heal|p2a: Morpeko|81/245|[from] item: Leftovers
|-formechange|p2a: Morpeko|Morpeko||[from] ability: Hunger Switch
|upkeep
|turn|22
|
|t:|1776980146
|move|p2a: Morpeko|Aura Wheel|p1a: Heracross
|-damage|p1a: Heracross|13/259
|-boost|p2a: Morpeko|spe|1
|move|p1a: Heracross|Earthquake|p2a: Morpeko
|-supereffective|p2a: Morpeko
|-damage|p2a: Morpeko|0 fnt
|faint|p2a: Morpeko
|-ability|p1a: Heracross|Moxie|boost
|-boost|p1a: Heracross|atk|1
|
|upkeep
|
|t:|1776980166
|switch|p2a: Sableye|Sableye, L88, F|231/231
|turn|23
|
|t:|1776980170
|move|p2a: Sableye|Will-O-Wisp|p1a: Heracross
|-status|p1a: Heracross|brn
|move|p1a: Heracross|Earthquake|p2a: Sableye
|-damage|p2a: Sableye|168/231
|
|-heal|p2a: Sableye|182/231|[from] item: Leftovers
|-damage|p1a: Heracross|0 fnt|[from] brn
|faint|p1a: Heracross
|upkeep
|
|t:|1776980174
|switch|p1a: Latias|Latias, L79, F|256/256
|turn|24
|
|t:|1776980182
|move|p1a: Latias|Calm Mind|p1a: Latias
|-boost|p1a: Latias|spa|1
|-boost|p1a: Latias|spd|1
|move|p2a: Sableye|Knock Off|p1a: Latias
|-supereffective|p1a: Latias
|-damage|p1a: Latias|50/256
|-enditem|p1a: Latias|Soul Dew|[from] move: Knock Off|[of] p2a: Sableye
|
|-heal|p2a: Sableye|196/231|[from] item: Leftovers
|upkeep
|turn|25
|
|t:|1776980185
|move|p2a: Sableye|Encore|p1a: Latias
|-start|p1a: Latias|Encore
|move|p1a: Latias|Calm Mind|p1a: Latias
|-boost|p1a: Latias|spa|1
|-boost|p1a: Latias|spd|1
|
|-heal|p2a: Sableye|210/231|[from] item: Leftovers
|upkeep
|turn|26
|-message|dratatax forfeited.
|
|win|Mugen Kage
|raw|dratatax's rating: 1906 &rarr; <strong>1882</strong><br />(-24 for losing)
|raw|Mugen Kage's rating: 1840 &rarr; <strong>1864</strong><br />(+24 for winning)
|l|☆dratatax
|player|p1|
