|j|☆utupatia
|j|☆Bobbygunp1
|t:|1772745774
|gametype|singles
|player|p1|utupatia|2|1040
|player|p2|Bobbygunp1|102|1023
|gen|9
|tier|[Gen 9] Random Battle
|rated|
|rule|Species Clause: Limit one of each Pokémon
|rule|HP Percentage Mod: HP is shown in percentages
|rule|Sleep Clause Mod: Limit one foe put to sleep
|rule|Illusion Level Mod: Illusion disguises the Pokémon's true level
|
|t:|1772745774
|teamsize|p1|6
|teamsize|p2|6
|start
|switch|p1a: Oricorio|Oricorio-Pom-Pom, L82, F|257/257
|switch|p2a: Probopass|Probopass, L91, F|257/257
|turn|1
|inactive|Battle timer is ON: inactive players will automatically lose when time's up. (requested by utupatia)
|
|t:|1772745800
|move|p1a: Oricorio|Hurricane|p2a: Probopass
|-resisted|p2a: Probopass
|-crit|p2a: Probopass
|-damage|p2a: Probopass|232/257
|move|p2a: Probopass|Power Gem|p1a: Oricorio
|-supereffective|p1a: Oricorio
|-damage|p1a: Oricorio|51/257
|
|-heal|p2a: Probopass|248/257|[from] item: Leftovers
|upkeep
|turn|2
|
|t:|1772745812
|move|p1a: Oricorio|Roost|p1a: Oricorio
|-heal|p1a: Oricorio|180/257
|-singleturn|p1a: Oricorio|move: Roost
|move|p2a: Probopass|Power Gem|p1a: Oricorio
|-crit|p1a: Oricorio
|-damage|p1a: Oricorio|24/257
|
|-heal|p2a: Probopass|257/257|[from] item: Leftovers
|upkeep
|turn|3
|
|t:|1772745826
|move|p1a: Oricorio|Roost|p1a: Oricorio
|-heal|p1a: Oricorio|153/257
|-singleturn|p1a: Oricorio|move: Roost
|move|p2a: Probopass|Power Gem|p1a: Oricorio
|-damage|p1a: Oricorio|59/257
|
|upkeep
|turn|4
|
|t:|1772745847
|move|p1a: Oricorio|Roost|p1a: Oricorio
|-heal|p1a: Oricorio|188/257
|-singleturn|p1a: Oricorio|move: Roost
|move|p2a: Probopass|Power Gem|p1a: Oricorio
|-damage|p1a: Oricorio|86/257
|
|upkeep
|turn|5
|
|t:|1772745858
|move|p1a: Oricorio|Roost|p1a: Oricorio
|-heal|p1a: Oricorio|215/257
|-singleturn|p1a: Oricorio|move: Roost
|move|p2a: Probopass|Power Gem|p1a: Oricorio
|-damage|p1a: Oricorio|119/257
|
|upkeep
|turn|6
|
|t:|1772745871
|move|p1a: Oricorio|Roost|p1a: Oricorio
|-heal|p1a: Oricorio|248/257
|-singleturn|p1a: Oricorio|move: Roost
|move|p2a: Probopass|Power Gem|p1a: Oricorio
|-damage|p1a: Oricorio|140/257
|
|upkeep
|turn|7
|
|t:|1772745890
|move|p1a: Oricorio|Revelation Dance|p2a: Probopass
|-damage|p2a: Probopass|197/257
|move|p2a: Probopass|Power Gem|p1a: Oricorio
|-supereffective|p1a: Oricorio
|-damage|p1a: Oricorio|0 fnt
|faint|p1a: Oricorio
|
|-heal|p2a: Probopass|213/257|[from] item: Leftovers
|upkeep
|
|t:|1772745901
|switch|p1a: Delphox|Delphox, L84, F|263/263
|turn|8
|
|t:|1772745906
|move|p1a: Delphox|Fire Blast|p2a: Probopass
|-damage|p2a: Probopass|135/257
|move|p2a: Probopass|Power Gem|p1a: Delphox
|-supereffective|p1a: Delphox
|-crit|p1a: Delphox
|-damage|p1a: Delphox|47/263
|
|-heal|p2a: Probopass|151/257|[from] item: Leftovers
|upkeep
|turn|9
|
|t:|1772745918
|move|p1a: Delphox|Psyshock|p2a: Probopass
|-resisted|p2a: Probopass
|-damage|p2a: Probopass|120/257
|move|p2a: Probopass|Power Gem|p1a: Delphox
|-supereffective|p1a: Delphox
|-damage|p1a: Delphox|0 fnt
|faint|p1a: Delphox
|
|-heal|p2a: Probopass|136/257|[from] item: Leftovers
|upkeep
|
|t:|1772745935
|switch|p1a: Torterra|Torterra, L78, F|276/276
|turn|10
|
|t:|1772745956
|move|p1a: Torterra|Headlong Rush|p2a: Probopass
|-supereffective|p2a: Probopass
|-damage|p2a: Probopass|0 fnt
|-unboost|p1a: Torterra|def|1
|-unboost|p1a: Torterra|spd|1
|faint|p2a: Probopass
|
|upkeep
|inactive|Bobbygunp1 has 120 seconds left.
|
|t:|1772745977
|switch|p2a: Gliscor|Gliscor, L76, F|239/239
|turn|11
|inactive|Bobbygunp1 has 120 seconds left.
|
|t:|1772745986
|move|p2a: Gliscor|Knock Off|p1a: Torterra
|-damage|p1a: Torterra|194/276
|-enditem|p1a: Torterra|Loaded Dice|[from] move: Knock Off|[of] p2a: Gliscor
|move|p1a: Torterra|Shell Smash|p1a: Torterra
|-unboost|p1a: Torterra|def|1
|-unboost|p1a: Torterra|spd|1
|-boost|p1a: Torterra|atk|2
|-boost|p1a: Torterra|spa|2
|-boost|p1a: Torterra|spe|2
|
|-status|p2a: Gliscor|tox|[from] item: Toxic Orb
|upkeep
|turn|12
|inactive|Bobbygunp1 has 120 seconds left.
|
|t:|1772746001
|move|p1a: Torterra|Rock Blast|p2a: Gliscor
|-damage|p2a: Gliscor|211/239 tox
|-damage|p2a: Gliscor|182/239 tox
|-damage|p2a: Gliscor|155/239 tox
|-hitcount|p2a: Gliscor|3
|move|p2a: Gliscor|Toxic Spikes|p1a: Torterra
|-sidestart|p1: utupatia|move: Toxic Spikes
|
|-heal|p2a: Gliscor|184/239 tox|[from] ability: Poison Heal
|upkeep
|turn|13
|inactive|Bobbygunp1 has 120 seconds left.
|
|t:|1772746013
|move|p1a: Torterra|Headlong Rush|p2a: Gliscor
|-immune|p2a: Gliscor
|move|p2a: Gliscor|Toxic Spikes|p1a: Torterra
|-sidestart|p1: utupatia|move: Toxic Spikes
|
|-heal|p2a: Gliscor|213/239 tox|[from] ability: Poison Heal
|upkeep
|turn|14
|inactive|Bobbygunp1 has 120 seconds left.
|
|t:|1772746027
|move|p1a: Torterra|Bullet Seed|p2a: Gliscor
|-damage|p2a: Gliscor|165/239 tox
|-damage|p2a: Gliscor|119/239 tox
|-damage|p2a: Gliscor|79/239 tox
|-crit|p2a: Gliscor
|-damage|p2a: Gliscor|7/239 tox
|-hitcount|p2a: Gliscor|4
|move|p2a: Gliscor|Knock Off|p1a: Torterra
|-damage|p1a: Torterra|122/276
|
|-heal|p2a: Gliscor|36/239 tox|[from] ability: Poison Heal
|upkeep
|turn|15
|inactive|Bobbygunp1 has 120 seconds left.
|
|t:|1772746040
|move|p2a: Gliscor|Protect|p2a: Gliscor
|-singleturn|p2a: Gliscor|Protect
|move|p1a: Torterra|Bullet Seed|p2a: Gliscor
|-activate|p2a: Gliscor|move: Protect
|
|-heal|p2a: Gliscor|65/239 tox|[from] ability: Poison Heal
|upkeep
|turn|16
|inactive|Bobbygunp1 has 120 seconds left.
|
|t:|1772746051
|switch|p2a: Skuntank|Skuntank, L84, M|310/310
|move|p1a: Torterra|Bullet Seed|p2a: Skuntank
|-resisted|p2a: Skuntank
|-damage|p2a: Skuntank|279/310
|-resisted|p2a: Skuntank
|-damage|p2a: Skuntank|246/310
|-resisted|p2a: Skuntank
|-damage|p2a: Skuntank|216/310
|-hitcount|p2a: Skuntank|3
|
|upkeep
|turn|17
|inactive|Bobbygunp1 has 120 seconds left.
|
|t:|1772746062
|switch|p2a: Gliscor|Gliscor, L76, F|65/239 tox
|move|p1a: Torterra|Headlong Rush|p2a: Gliscor
|-immune|p2a: Gliscor
|
|-heal|p2a: Gliscor|94/239 tox|[from] ability: Poison Heal
|upkeep
|turn|18
|
|t:|1772746072
|move|p2a: Gliscor|Protect|p2a: Gliscor
|-singleturn|p2a: Gliscor|Protect
|move|p1a: Torterra|Bullet Seed|p2a: Gliscor
|-activate|p2a: Gliscor|move: Protect
|
|-heal|p2a: Gliscor|123/239 tox|[from] ability: Poison Heal
|upkeep
|turn|19
|
|t:|1772746083
|switch|p2a: Skuntank|Skuntank, L84, M|216/310
|move|p1a: Torterra|Bullet Seed|p2a: Skuntank
|-resisted|p2a: Skuntank
|-damage|p2a: Skuntank|187/310
|-resisted|p2a: Skuntank
|-damage|p2a: Skuntank|157/310
|-resisted|p2a: Skuntank
|-damage|p2a: Skuntank|124/310
|-hitcount|p2a: Skuntank|3
|
|upkeep
|turn|20
|
|t:|1772746097
|move|p2a: Skuntank|Sucker Punch|p1a: Torterra
|-damage|p1a: Torterra|0 fnt
|faint|p1a: Torterra
|
|upkeep
|
|t:|1772746107
|switch|p1a: Pachirisu|Pachirisu, L96, F|271/271
|-status|p1a: Pachirisu|tox
|turn|21
|
|t:|1772746114
|move|p1a: Pachirisu|Thunderbolt|p2a: Skuntank
|-damage|p2a: Skuntank|57/310
|-status|p2a: Skuntank|par
|move|p2a: Skuntank|Knock Off|p1a: Pachirisu
|-damage|p1a: Pachirisu|169/271 tox
|-enditem|p1a: Pachirisu|Assault Vest|[from] move: Knock Off|[of] p2a: Skuntank
|
|-damage|p1a: Pachirisu|153/271 tox|[from] psn
|upkeep
|turn|22
|
|t:|1772746127
|cant|p2a: Skuntank|par
|move|p1a: Pachirisu|Super Fang|p2a: Skuntank
|-damage|p2a: Skuntank|29/310 par
|
|-damage|p1a: Pachirisu|121/271 tox|[from] psn
|upkeep
|turn|23
|
|t:|1772746137
|move|p2a: Skuntank|Sucker Punch|p1a: Pachirisu
|-damage|p1a: Pachirisu|52/271 tox
|move|p1a: Pachirisu|Nuzzle|p2a: Skuntank
|-damage|p2a: Skuntank|8/310 par
|
|-damage|p1a: Pachirisu|4/271 tox|[from] psn
|upkeep
|turn|24
|
|t:|1772746147
|move|p2a: Skuntank|Sucker Punch|p1a: Pachirisu
|-damage|p1a: Pachirisu|0 fnt
|faint|p1a: Pachirisu
|
|upkeep
|
|t:|1772746162
|switch|p1a: Frosmoth|Frosmoth, L82, F|249/249
|turn|25
|
|t:|1772746170
|move|p2a: Skuntank|Sucker Punch|p1a: Frosmoth
|-damage|p1a: Frosmoth|152/249
|move|p1a: Frosmoth|Giga Drain|p2a: Skuntank
|-resisted|p2a: Skuntank
|-damage|p2a: Skuntank|0 fnt
|-heal|p1a: Frosmoth|156/249|[from] drain|[of] p2a: Skuntank
|faint|p2a: Skuntank
|
|upkeep
|
|t:|1772746186
|switch|p2a: Regigigas|Regigigas, L84|322/322
|-start|p2a: Regigigas|ability: Slow Start
|turn|26
|
|t:|1772746194
|move|p1a: Frosmoth|Tera Blast|p2a: Regigigas
|-damage|p2a: Regigigas|265/322
|move|p2a: Regigigas|Substitute|p2a: Regigigas
|-start|p2a: Regigigas|Substitute
|-damage|p2a: Regigigas|185/322
|
|-heal|p2a: Regigigas|205/322|[from] item: Leftovers
|upkeep
|turn|27
|
|t:|1772746204
|move|p1a: Frosmoth|Ice Beam|p2a: Regigigas
|-end|p2a: Regigigas|Substitute
|move|p2a: Regigigas|Body Slam|p1a: Frosmoth
|-damage|p1a: Frosmoth|63/249
|
|-heal|p2a: Regigigas|225/322|[from] item: Leftovers
|upkeep
|turn|28
|
|t:|1772746215
|move|p2a: Regigigas|Protect|p2a: Regigigas
|-singleturn|p2a: Regigigas|Protect
|move|p1a: Frosmoth|Ice Beam|p2a: Regigigas
|-activate|p2a: Regigigas|move: Protect
|
|-heal|p2a: Regigigas|245/322|[from] item: Leftovers
|upkeep
|turn|29
|
|t:|1772746225
|move|p1a: Frosmoth|Ice Beam|p2a: Regigigas
|-damage|p2a: Regigigas|154/322
|move|p2a: Regigigas|Substitute|p2a: Regigigas
|-start|p2a: Regigigas|Substitute
|-damage|p2a: Regigigas|74/322
|
|-heal|p2a: Regigigas|94/322|[from] item: Leftovers
|upkeep
|turn|30
|
|t:|1772746238
|move|p2a: Regigigas|Protect|p2a: Regigigas
|-singleturn|p2a: Regigigas|Protect
|move|p1a: Frosmoth|Ice Beam|p2a: Regigigas
|-activate|p2a: Regigigas|move: Protect
|
|-heal|p2a: Regigigas|114/322|[from] item: Leftovers
|-end|p2a: Regigigas|Slow Start
|upkeep
|turn|31
|
|t:|1772746252
|move|p2a: Regigigas|Body Slam|p1a: Frosmoth
|-damage|p1a: Frosmoth|0 fnt
|faint|p1a: Frosmoth
|
|-heal|p2a: Regigigas|134/322|[from] item: Leftovers
|upkeep
|
|t:|1772746261
|switch|p1a: Medicham|Medicham, L86, F|243/243
|-status|p1a: Medicham|tox
|turn|32
|
|t:|1772746273
|-terastallize|p1a: Medicham|Fighting
|move|p2a: Regigigas|Body Slam|p1a: Medicham
|-damage|p1a: Medicham|89/243 tox
|move|p1a: Medicham|Poison Jab|p2a: Regigigas
|-end|p2a: Regigigas|Substitute
|
|-heal|p2a: Regigigas|154/322|[from] item: Leftovers
|-damage|p1a: Medicham|74/243 tox|[from] psn
|upkeep
|turn|33
|
|t:|1772746288
|move|p2a: Regigigas|Body Slam|p1a: Medicham
|-damage|p1a: Medicham|0 fnt
|faint|p1a: Medicham
|
|win|Bobbygunp1
|raw|utupatia's rating: 1040 &rarr; <strong>1023</strong><br />(-17 for losing)
|raw|Bobbygunp1's rating: 1023 &rarr; <strong>1061</strong><br />(+38 for winning)
|l|☆utupatia
|player|p1|
