|j|☆UIasrielS
|j|☆Basic-Burger
|t:|1776975940
|gametype|singles
|player|p1|UIasrielS|miku-fire|1234
|player|p2|Basic-Burger|artist|1285
|gen|9
|tier|[Gen 9] Random Battle
|rated|
|rule|Species Clause: Limit one of each Pokémon
|rule|HP Percentage Mod: HP is shown in percentages
|rule|Sleep Clause Mod: Limit one foe put to sleep
|rule|Illusion Level Mod: Illusion disguises the Pokémon's true level
|
|t:|1776975940
|teamsize|p1|6
|teamsize|p2|6
|start
|switch|p1a: Kingdra|Kingdra, L84, M|263/263
|switch|p2a: Mamoswine|Mamoswine, L81, M|311/311
|turn|1
|inactive|Battle timer is ON: inactive players will automatically lose when time's up. (requested by Basic-Burger)
|
|t:|1776975950
|switch|p2a: Ludicolo|Ludicolo, L90, M|290/290
|move|p1a: Kingdra|Dragon Dance|p1a: Kingdra
|-boost|p1a: Kingdra|atk|1
|-boost|p1a: Kingdra|spe|1
|
|upkeep
|turn|2
|
|t:|1776975961
|move|p1a: Kingdra|Outrage|p2a: Ludicolo
|-damage|p2a: Ludicolo|92/290
|move|p2a: Ludicolo|Giga Drain|p1a: Kingdra
|-damage|p1a: Kingdra|148/263
|-heal|p2a: Ludicolo|150/290|[from] drain|[of] p1a: Kingdra
|
|upkeep
|turn|3
|
|t:|1776975967
|move|p1a: Kingdra|Outrage|p2a: Ludicolo|[from] lockedmove
|-damage|p2a: Ludicolo|0 fnt
|faint|p2a: Ludicolo
|-start|p1a: Kingdra|confusion|[fatigue]
|-enditem|p1a: Kingdra|Lum Berry|[eat]
|-end|p1a: Kingdra|confusion
|
|upkeep
|
|t:|1776975970
|switch|p2a: Klefki|Klefki, L84, M|233/233
|turn|4
|
|t:|1776975979
|move|p2a: Klefki|Thunder Wave|p1a: Kingdra
|-status|p1a: Kingdra|par
|move|p1a: Kingdra|Wave Crash|p2a: Klefki
|-damage|p2a: Klefki|62/233
|-damage|p1a: Kingdra|92/263 par|[from] Recoil
|
|-heal|p2a: Klefki|76/233|[from] item: Leftovers
|upkeep
|turn|5
|
|t:|1776975992
|move|p2a: Klefki|Play Rough|p1a: Kingdra
|-supereffective|p1a: Kingdra
|-damage|p1a: Kingdra|0 fnt
|faint|p1a: Kingdra
|
|-heal|p2a: Klefki|90/233|[from] item: Leftovers
|upkeep
|
|t:|1776976013
|switch|p1a: Weezing|Weezing-Galar, L86, F|252/252
|turn|6
|
|t:|1776976028
|move|p2a: Klefki|Spikes|p1a: Weezing
|-sidestart|p1: UIasrielS|Spikes
|move|p1a: Weezing|Fire Blast|p2a: Klefki
|-supereffective|p2a: Klefki
|-damage|p2a: Klefki|0 fnt
|faint|p2a: Klefki
|
|upkeep
|
|t:|1776976040
|switch|p2a: Dewgong|Dewgong, L94, M|322/322
|turn|7
|
|t:|1776976055
|switch|p1a: Kilowattrel|Kilowattrel, L83, F|252/252
|move|p2a: Dewgong|Surf|p1a: Kilowattrel
|-damage|p1a: Kilowattrel|131/252
|
|upkeep
|turn|8
|
|t:|1776976065
|switch|p2a: Mamoswine|Mamoswine, L81, M|311/311
|move|p1a: Kilowattrel|U-turn|p2a: Mamoswine
|-damage|p2a: Mamoswine|266/311
|
|t:|1776976073
|switch|p1a: Weezing|Weezing-Galar, L86, F|252/252|[from] U-turn
|
|upkeep
|turn|9
|
|t:|1776976083
|-terastallize|p1a: Weezing|Steel
|move|p2a: Mamoswine|Icicle Crash|p1a: Weezing
|-resisted|p1a: Weezing
|-damage|p1a: Weezing|194/252
|-damage|p2a: Mamoswine|235/311|[from] item: Life Orb
|move|p1a: Weezing|Fire Blast|p2a: Mamoswine
|-supereffective|p2a: Mamoswine
|-damage|p2a: Mamoswine|133/311
|
|-heal|p1a: Weezing|209/252|[from] item: Leftovers
|upkeep
|turn|10
|
|t:|1776976097
|move|p2a: Mamoswine|Stealth Rock|p1a: Weezing
|-sidestart|p1: UIasrielS|move: Stealth Rock
|move|p1a: Weezing|Fire Blast|p2a: Mamoswine
|-supereffective|p2a: Mamoswine
|-damage|p2a: Mamoswine|25/311
|
|-heal|p1a: Weezing|224/252|[from] item: Leftovers
|upkeep
|turn|11
|
|t:|1776976100
|move|p2a: Mamoswine|Ice Shard|p1a: Weezing
|-resisted|p1a: Weezing
|-damage|p1a: Weezing|201/252
|-damage|p2a: Mamoswine|0 fnt|[from] item: Life Orb
|faint|p2a: Mamoswine
|move|p1a: Weezing|Defog|p2: Mamoswine|[notarget]
|-fail|p1a: Weezing
|
|-heal|p1a: Weezing|216/252|[from] item: Leftovers
|upkeep
|
|t:|1776976106
|switch|p2a: Vigoroth|Vigoroth, L85, M|275/275
|turn|12
|
|t:|1776976112
|move|p2a: Vigoroth|Bulk Up|p2a: Vigoroth
|-boost|p2a: Vigoroth|atk|1
|-boost|p2a: Vigoroth|def|1
|move|p1a: Weezing|Defog|p2a: Vigoroth
|-unboost|p2a: Vigoroth|evasion|1
|-sideend|p1: UIasrielS|Spikes|[from] move: Defog|[of] p1a: Weezing
|-sideend|p1: UIasrielS|Stealth Rock|[from] move: Defog|[of] p1a: Weezing
|
|-heal|p1a: Weezing|231/252|[from] item: Leftovers
|upkeep
|turn|13
|
|t:|1776976134
|move|p2a: Vigoroth|Knock Off|p1a: Weezing
|-crit|p1a: Weezing
|-damage|p1a: Weezing|118/252
|-enditem|p1a: Weezing|Leftovers|[from] move: Knock Off|[of] p2a: Vigoroth
|move|p1a: Weezing|Strange Steam|p2a: Vigoroth
|-damage|p2a: Vigoroth|191/275
|
|upkeep
|turn|14
|
|t:|1776976141
|move|p2a: Vigoroth|Bulk Up|p2a: Vigoroth
|-boost|p2a: Vigoroth|atk|1
|-boost|p2a: Vigoroth|def|1
|move|p1a: Weezing|Fire Blast|p2a: Vigoroth
|-damage|p2a: Vigoroth|124/275
|
|upkeep
|turn|15
|
|t:|1776976144
|move|p2a: Vigoroth|Slack Off|p2a: Vigoroth
|-heal|p2a: Vigoroth|262/275
|move|p1a: Weezing|Fire Blast|p2a: Vigoroth
|-damage|p2a: Vigoroth|193/275
|
|upkeep
|turn|16
|
|t:|1776976151
|move|p2a: Vigoroth|Body Slam|p1a: Weezing
|-resisted|p1a: Weezing
|-damage|p1a: Weezing|58/252
|move|p1a: Weezing|Fire Blast|p2a: Vigoroth
|-damage|p2a: Vigoroth|125/275
|
|upkeep
|turn|17
|
|t:|1776976153
|move|p2a: Vigoroth|Slack Off|p2a: Vigoroth
|-heal|p2a: Vigoroth|263/275
|move|p1a: Weezing|Fire Blast|p2a: Vigoroth
|-damage|p2a: Vigoroth|192/275
|
|upkeep
|turn|18
|
|t:|1776976156
|move|p2a: Vigoroth|Bulk Up|p2a: Vigoroth
|-boost|p2a: Vigoroth|atk|1
|-boost|p2a: Vigoroth|def|1
|move|p1a: Weezing|Fire Blast|p2a: Vigoroth
|-damage|p2a: Vigoroth|121/275
|
|upkeep
|turn|19
|
|t:|1776976165
|move|p2a: Vigoroth|Slack Off|p2a: Vigoroth
|-heal|p2a: Vigoroth|259/275
|move|p1a: Weezing|Strange Steam|p2a: Vigoroth
|-damage|p2a: Vigoroth|178/275
|
|upkeep
|turn|20
|
|t:|1776976167
|move|p2a: Vigoroth|Slack Off|p2a: Vigoroth
|-heal|p2a: Vigoroth|275/275
|move|p1a: Weezing|Strange Steam|p2a: Vigoroth
|-damage|p2a: Vigoroth|188/275
|
|upkeep
|turn|21
|
|t:|1776976170
|move|p2a: Vigoroth|Knock Off|p1a: Weezing
|-damage|p1a: Weezing|0 fnt
|faint|p1a: Weezing
|
|upkeep
|
|t:|1776976182
|switch|p1a: Kilowattrel|Kilowattrel, L83, F|131/252
|turn|22
|
|t:|1776976187
|move|p1a: Kilowattrel|Thunderbolt|p2a: Vigoroth
|-damage|p2a: Vigoroth|100/275
|move|p2a: Vigoroth|Knock Off|p1a: Kilowattrel
|-damage|p1a: Kilowattrel|0 fnt
|-enditem|p1a: Kilowattrel|Heavy-Duty Boots|[from] move: Knock Off|[of] p2a: Vigoroth
|faint|p1a: Kilowattrel
|
|upkeep
|
|t:|1776976191
|switch|p1a: Ninetales|Ninetales-Alola, L78, M|242/242
|-weather|Snowscape|[from] ability: Snow Warning|[of] p1a: Ninetales
|turn|23
|
|t:|1776976196
|move|p1a: Ninetales|Aurora Veil|p1a: Ninetales
|-sidestart|p1: UIasrielS|move: Aurora Veil
|move|p2a: Vigoroth|Body Slam|p1a: Ninetales
|-damage|p1a: Ninetales|162/242
|
|-weather|Snowscape|[upkeep]
|upkeep
|turn|24
|
|t:|1776976201
|move|p1a: Ninetales|Moonblast|p2a: Vigoroth
|-damage|p2a: Vigoroth|28/275
|move|p2a: Vigoroth|Body Slam|p1a: Ninetales
|-damage|p1a: Ninetales|87/242
|
|-weather|Snowscape|[upkeep]
|upkeep
|turn|25
|
|t:|1776976206
|move|p1a: Ninetales|Blizzard|p2a: Vigoroth
|-damage|p2a: Vigoroth|0 fnt
|faint|p2a: Vigoroth
|
|-weather|Snowscape|[upkeep]
|upkeep
|
|t:|1776976211
|switch|p2a: Dewgong|Dewgong, L94, M|322/322
|turn|26
|
|t:|1776976216
|move|p1a: Ninetales|Freeze-Dry|p2a: Dewgong
|-damage|p2a: Dewgong|297/322
|move|p2a: Dewgong|Surf|p1a: Ninetales
|-damage|p1a: Ninetales|39/242
|
|-weather|Snowscape|[upkeep]
|upkeep
|turn|27
|
|t:|1776976228
|move|p1a: Ninetales|Moonblast|p2a: Dewgong
|-damage|p2a: Dewgong|228/322
|move|p2a: Dewgong|Knock Off|p1a: Ninetales
|-resisted|p1a: Ninetales
|-damage|p1a: Ninetales|25/242
|-enditem|p1a: Ninetales|Light Clay|[from] move: Knock Off|[of] p2a: Dewgong
|
|-weather|none
|upkeep
|turn|28
|
|t:|1776976233
|move|p1a: Ninetales|Moonblast|p2a: Dewgong
|-crit|p2a: Dewgong
|-damage|p2a: Dewgong|120/322
|move|p2a: Dewgong|Surf|p1a: Ninetales
|-damage|p1a: Ninetales|0 fnt
|faint|p1a: Ninetales
|
|upkeep
|
|t:|1776976241
|switch|p1a: Shiftry|Shiftry, L89, M|305/305
|turn|29
|
|t:|1776976245
|move|p1a: Shiftry|Swords Dance|p1a: Shiftry
|-boost|p1a: Shiftry|atk|2
|move|p2a: Dewgong|Triple Axel|p1a: Shiftry
|-supereffective|p1a: Shiftry
|-damage|p1a: Shiftry|277/305
|-supereffective|p1a: Shiftry
|-damage|p1a: Shiftry|226/305
|-supereffective|p1a: Shiftry
|-crit|p1a: Shiftry
|-damage|p1a: Shiftry|8/305
|-hitcount|p1a: Shiftry|3
|
|upkeep
|turn|30
|
|t:|1776976256
|move|p1a: Shiftry|Leaf Blade|p2a: Dewgong
|-supereffective|p2a: Dewgong
|-damage|p2a: Dewgong|0 fnt
|faint|p2a: Dewgong
|-damage|p1a: Shiftry|0 fnt|[from] item: Life Orb
|faint|p1a: Shiftry
|
|-sideend|p1: UIasrielS|move: Aurora Veil
|upkeep
|
|t:|1776976259
|switch|p1a: Houndoom|Houndoom, L87, M|272/272
|switch|p2a: Venusaur|Venusaur, L84, F|272/272
|turn|31
|
|t:|1776976268
|-terastallize|p2a: Venusaur|Dark
|move|p1a: Houndoom|Fire Blast|p2a: Venusaur|[miss]
|-miss|p1a: Houndoom|p2a: Venusaur
|move|p2a: Venusaur|Sleep Powder|p1a: Houndoom
|-status|p1a: Houndoom|slp|[from] move: Sleep Powder
|
|upkeep
|turn|32
|
|t:|1776976279
|cant|p1a: Houndoom|slp
|move|p2a: Venusaur|Sludge Bomb|p1a: Houndoom
|-damage|p1a: Houndoom|163/272 slp
|
|upkeep
|turn|33
|
|t:|1776976282
|-curestatus|p1a: Houndoom|slp|[msg]
|move|p1a: Houndoom|Nasty Plot|p1a: Houndoom
|-boost|p1a: Houndoom|spa|2
|move|p2a: Venusaur|Sludge Bomb|p1a: Houndoom
|-damage|p1a: Houndoom|52/272
|-status|p1a: Houndoom|psn
|
|-damage|p1a: Houndoom|18/272 psn|[from] psn
|upkeep
|turn|34
|
|t:|1776976288
|move|p1a: Houndoom|Dark Pulse|p2a: Venusaur
|-resisted|p2a: Venusaur
|-damage|p2a: Venusaur|176/272
|move|p2a: Venusaur|Synthesis|p2a: Venusaur
|-heal|p2a: Venusaur|272/272
|
|-damage|p1a: Houndoom|0 fnt|[from] psn
|faint|p1a: Houndoom
|
|win|Basic-Burger
|raw|UIasrielS's rating: 1234 &rarr; <strong>1213</strong><br />(-21 for losing)
|raw|Basic-Burger's rating: 1285 &rarr; <strong>1306</strong><br />(+21 for winning)
