|j|☆picapepas12
|j|☆Jormmy
|t:|1776973792
|gametype|singles
|player|p1|picapepas12|170|1424
|player|p2|Jormmy|102|1395
|gen|9
|tier|[Gen 9] Random Battle
|rated|
|rule|Species Clause: Limit one of each Pokémon
|rule|HP Percentage Mod: HP is shown in percentages
|rule|Sleep Clause Mod: Limit one foe put to sleep
|rule|Illusion Level Mod: Illusion disguises the Pokémon's true level
|
|t:|1776973792
|teamsize|p1|6
|teamsize|p2|6
|start
|switch|p1a: Gardevoir|Gardevoir, L83, M|249/249
|switch|p2a: Oricorio|Oricorio, L84, F|263/263
|-ability|p1a: Gardevoir|Dancer|Trace|[from] ability: Trace|[of] p2a: Oricorio
|turn|1
|inactive|Battle timer is ON: inactive players will automatically lose when time's up. (requested by Jormmy)
|inactive|picapepas12 has 120 seconds left.
|
|t:|1776973847
|move|p1a: Gardevoir|Psychic|p2a: Oricorio
|-damage|p2a: Oricorio|127/263
|-unboost|p2a: Oricorio|spd|1
|move|p2a: Oricorio|Quiver Dance|p2a: Oricorio
|-boost|p2a: Oricorio|spa|1
|-boost|p2a: Oricorio|spd|1
|-boost|p2a: Oricorio|spe|1
|-activate|p1a: Gardevoir|ability: Dancer
|move|p1a: Gardevoir|Quiver Dance||[still]
|-fail|p1a: Gardevoir
|
|upkeep
|turn|2
|
|t:|1776973858
|move|p2a: Oricorio|Revelation Dance|p1a: Gardevoir
|-damage|p1a: Gardevoir|138/249
|-activate|p1a: Gardevoir|ability: Dancer
|move|p1a: Gardevoir|Revelation Dance||[still]
|-fail|p1a: Gardevoir
|move|p1a: Gardevoir|Psychic|p2a: Oricorio
|-damage|p2a: Oricorio|0 fnt
|faint|p2a: Oricorio
|
|upkeep
|
|t:|1776973871
|switch|p2a: Vikavolt|Vikavolt, L83, F|263/263
|turn|3
|
|t:|1776973898
|switch|p1a: Golurk|Golurk, L87|297/297
|move|p2a: Vikavolt|Sticky Web|p1a: Golurk
|-sidestart|p1: picapepas12|move: Sticky Web
|
|upkeep
|turn|4
|
|t:|1776973912
|switch|p2a: Palkia|Palkia-Origin, L72|249/249
|-ability|p2a: Palkia|Pressure
|move|p1a: Golurk|Stone Edge|p2a: Palkia
|-damage|p2a: Palkia|101/249
|
|upkeep
|turn|5
|
|t:|1776973921
|switch|p1a: Toxicroak|Toxicroak, L84, M|277/277
|-activate|p1a: Toxicroak|move: Sticky Web
|-unboost|p1a: Toxicroak|spe|1
|move|p2a: Palkia|Spacial Rend|p1a: Toxicroak
|-damage|p1a: Toxicroak|103/277
|
|upkeep
|turn|6
|inactive|picapepas12 has 120 seconds left.
|
|t:|1776973942
|move|p2a: Palkia|Fire Blast|p1a: Toxicroak
|-damage|p1a: Toxicroak|0 fnt
|faint|p1a: Toxicroak
|
|upkeep
|inactive|picapepas12 has 120 seconds left.
|
|t:|1776973958
|switch|p1a: Flareon|Flareon, L90, F|263/263
|-activate|p1a: Flareon|move: Sticky Web
|-unboost|p1a: Flareon|spe|1
|turn|7
|
|t:|1776973964
|move|p2a: Palkia|Hydro Pump|p1a: Flareon
|-supereffective|p1a: Flareon
|-damage|p1a: Flareon|51/263
|move|p1a: Flareon|Will-O-Wisp|p2a: Palkia
|-status|p2a: Palkia|brn
|
|-damage|p2a: Palkia|86/249 brn|[from] brn
|-status|p1a: Flareon|tox|[from] item: Toxic Orb
|upkeep
|turn|8
|inactive|picapepas12 has 120 seconds left.
|
|t:|1776973975
|move|p2a: Palkia|Spacial Rend|p1a: Flareon|[miss]
|-miss|p2a: Palkia|p1a: Flareon
|move|p1a: Flareon|Trailblaze|p2a: Palkia
|-damage|p2a: Palkia|0 fnt
|-boost|p1a: Flareon|spe|1
|faint|p2a: Palkia
|
|-damage|p1a: Flareon|35/263 tox|[from] psn
|upkeep
|
|t:|1776973990
|switch|p2a: Mew|Mew, L82|298/298
|turn|9
|inactive|picapepas12 has 120 seconds left.
|
|t:|1776974020
|move|p2a: Mew|Knock Off|p1a: Flareon
|-damage|p1a: Flareon|0 fnt
|-enditem|p1a: Flareon|Toxic Orb|[from] move: Knock Off|[of] p2a: Mew
|faint|p1a: Flareon
|
|upkeep
|
|t:|1776974032
|switch|p1a: Porygon2|Porygon2, L81|270/270
|-activate|p1a: Porygon2|move: Sticky Web
|-unboost|p1a: Porygon2|spe|1
|-ability|p1a: Porygon2|Download|boost
|-boost|p1a: Porygon2|spa|1
|turn|10
|
|t:|1776974041
|move|p2a: Mew|Knock Off|p1a: Porygon2
|-damage|p1a: Porygon2|225/270
|-enditem|p1a: Porygon2|Eviolite|[from] move: Knock Off|[of] p2a: Mew
|move|p1a: Porygon2|Shadow Ball|p2a: Mew
|-supereffective|p2a: Mew
|-damage|p2a: Mew|138/298
|-unboost|p2a: Mew|spd|1
|
|-heal|p2a: Mew|156/298|[from] item: Leftovers
|upkeep
|turn|11
|
|t:|1776974055
|switch|p2a: Flareon|Flareon, L90, M|263/263
|move|p1a: Porygon2|Tera Blast|p2a: Flareon
|-damage|p2a: Flareon|155/263
|
|-status|p2a: Flareon|tox|[from] item: Toxic Orb
|upkeep
|turn|12
|inactive|picapepas12 has 90 seconds left.
|
|t:|1776974088
|switch|p1a: Pecharunt|Pecharunt, L77|262/262
|-activate|p1a: Pecharunt|move: Sticky Web
|-unboost|p1a: Pecharunt|spe|1
|move|p2a: Flareon|Trailblaze|p1a: Pecharunt
|-resisted|p1a: Pecharunt
|-damage|p1a: Pecharunt|236/262
|-boost|p2a: Flareon|spe|1
|-damage|p2a: Flareon|112/263 tox|[from] item: Rocky Helmet|[of] p1a: Pecharunt
|
|-damage|p2a: Flareon|96/263 tox|[from] psn
|upkeep
|turn|13
|
|t:|1776974100
|move|p2a: Flareon|Flare Blitz|p1a: Pecharunt
|-damage|p1a: Pecharunt|50/262
|-damage|p2a: Flareon|53/263 tox|[from] item: Rocky Helmet|[of] p1a: Pecharunt
|-damage|p2a: Flareon|0 fnt|[from] Recoil
|faint|p2a: Flareon
|move|p1a: Pecharunt|Recover|p1a: Pecharunt
|-heal|p1a: Pecharunt|181/262
|
|upkeep
|
|t:|1776974106
|switch|p2a: Mew|Mew, L82|156/298
|turn|14
|
|t:|1776974127
|-terastallize|p1a: Pecharunt|Dark
|move|p2a: Mew|Psychic|p1a: Pecharunt
|-immune|p1a: Pecharunt
|move|p1a: Pecharunt|Shadow Ball|p2a: Mew
|-supereffective|p2a: Mew
|-damage|p2a: Mew|34/298
|
|-heal|p2a: Mew|52/298|[from] item: Leftovers
|upkeep
|turn|15
|
|t:|1776974137
|move|p2a: Mew|Knock Off|p1a: Pecharunt
|-resisted|p1a: Pecharunt
|-damage|p1a: Pecharunt|158/262
|-damage|p2a: Mew|3/298|[from] item: Rocky Helmet|[of] p1a: Pecharunt
|-enditem|p1a: Pecharunt|Rocky Helmet|[from] move: Knock Off|[of] p2a: Mew
|move|p1a: Pecharunt|Malignant Chain|p2a: Mew
|-damage|p2a: Mew|0 fnt
|faint|p2a: Mew
|
|upkeep
|
|t:|1776974139
|switch|p2a: Vikavolt|Vikavolt, L83, F|263/263
|turn|16
|
|t:|1776974158
|switch|p1a: Porygon2|Porygon2, L81|225/270
|-activate|p1a: Porygon2|move: Sticky Web
|-unboost|p1a: Porygon2|spe|1
|-ability|p1a: Porygon2|Download|boost
|-boost|p1a: Porygon2|spa|1
|move|p2a: Vikavolt|Bug Buzz|p1a: Porygon2
|-damage|p1a: Porygon2|90/270
|
|upkeep
|turn|17
|
|t:|1776974173
|move|p2a: Vikavolt|Bug Buzz|p1a: Porygon2
|-damage|p1a: Porygon2|0 fnt
|faint|p1a: Porygon2
|
|upkeep
|
|t:|1776974177
|switch|p1a: Golurk|Golurk, L87|297/297
|-activate|p1a: Golurk|move: Sticky Web
|-unboost|p1a: Golurk|spe|1
|turn|18
|
|t:|1776974182
|switch|p2a: Slowking|Slowking-Galar, L85, F|300/300
|move|p1a: Golurk|Stone Edge|p2a: Slowking
|-damage|p2a: Slowking|161/300
|
|upkeep
|turn|19
|
|t:|1776974190
|move|p2a: Slowking|Surf|p1a: Golurk
|-supereffective|p1a: Golurk
|-damage|p1a: Golurk|143/297
|move|p1a: Golurk|Stone Edge|p2a: Slowking
|-damage|p2a: Slowking|8/300
|
|upkeep
|turn|20
|
|t:|1776974197
|switch|p1a: Gardevoir|Gardevoir, L83, M|138/249
|-activate|p1a: Gardevoir|move: Sticky Web
|-unboost|p1a: Gardevoir|spe|1
|-ability|p1a: Gardevoir|Regenerator|Trace|[from] ability: Trace|[of] p2a: Slowking
|move|p2a: Slowking|Surf|p1a: Gardevoir
|-damage|p1a: Gardevoir|76/249
|
|upkeep
|turn|21
|
|t:|1776974207
|switch|p2a: Vikavolt|Vikavolt, L83, F|263/263
|move|p1a: Gardevoir|Psychic|p2a: Vikavolt
|-damage|p2a: Vikavolt|136/263
|
|upkeep
|turn|22
|inactive|picapepas12 has 120 seconds left.
|
|t:|1776974242
|move|p1a: Gardevoir|Psychic|p2a: Vikavolt
|-damage|p2a: Vikavolt|7/263
|-unboost|p2a: Vikavolt|spd|1
|move|p2a: Vikavolt|Bug Buzz|p1a: Gardevoir
|-damage|p1a: Gardevoir|0 fnt
|faint|p1a: Gardevoir
|
|upkeep
|
|t:|1776974247
|switch|p1a: Golurk|Golurk, L87|143/297
|-activate|p1a: Golurk|move: Sticky Web
|-unboost|p1a: Golurk|spe|1
|turn|23
|inactive|picapepas12 has 120 seconds left.
|
|t:|1776974261
|move|p2a: Vikavolt|Bug Buzz|p1a: Golurk
|-resisted|p1a: Golurk
|-damage|p1a: Golurk|78/297
|move|p1a: Golurk|Poltergeist|p2a: Vikavolt
|-activate|p2a: Vikavolt|move: Poltergeist|Heavy-Duty Boots
|-damage|p2a: Vikavolt|0 fnt
|faint|p2a: Vikavolt
|
|upkeep
|
|t:|1776974265
|switch|p2a: Slowking|Slowking-Galar, L85, F|108/300
|turn|24
|
|t:|1776974272
|-terastallize|p2a: Slowking|Water
|move|p2a: Slowking|Surf|p1a: Golurk
|-supereffective|p1a: Golurk
|-damage|p1a: Golurk|0 fnt
|faint|p1a: Golurk
|
|upkeep
|
|t:|1776974276
|switch|p1a: Pecharunt|Pecharunt, L77, tera:Dark|158/262
|-activate|p1a: Pecharunt|move: Sticky Web
|-unboost|p1a: Pecharunt|spe|1
|turn|25
|
|t:|1776974288
|move|p1a: Pecharunt|Malignant Chain|p2a: Slowking
|-damage|p2a: Slowking|62/300
|move|p2a: Slowking|Sludge Bomb|p1a: Pecharunt
|-damage|p1a: Pecharunt|46/262
|
|upkeep
|turn|26
|
|t:|1776974302
|move|p1a: Pecharunt|Recover|p1a: Pecharunt
|-heal|p1a: Pecharunt|177/262
|move|p2a: Slowking|Sludge Bomb|p1a: Pecharunt
|-damage|p1a: Pecharunt|57/262
|
|upkeep
|turn|27
|
|t:|1776974313
|move|p1a: Pecharunt|Malignant Chain|p2a: Slowking
|-damage|p2a: Slowking|17/300
|-status|p2a: Slowking|tox
|-start|p2a: Slowking|confusion|[from] ability: Poison Puppeteer|[of] p1a: Pecharunt
|-activate|p2a: Slowking|confusion
|move|p2a: Slowking|Sludge Bomb|p1a: Pecharunt
|-damage|p1a: Pecharunt|0 fnt
|faint|p1a: Pecharunt
|
|win|Jormmy
|raw|picapepas12's rating: 1424 &rarr; <strong>1402</strong><br />(-22 for losing)
|raw|Jormmy's rating: 1395 &rarr; <strong>1417</strong><br />(+22 for winning)
|l|☆picapepas12
|player|p1|
