|j|☆Sdvfe
|j|☆Aleroots
|t:|1776976579
|gametype|singles
|player|p1|Sdvfe|2|1258
|player|p2|Aleroots|lance|1277
|gen|9
|tier|[Gen 9] Random Battle
|rated|
|rule|Species Clause: Limit one of each Pokémon
|rule|HP Percentage Mod: HP is shown in percentages
|rule|Sleep Clause Mod: Limit one foe put to sleep
|rule|Illusion Level Mod: Illusion disguises the Pokémon's true level
|
|t:|1776976579
|teamsize|p1|6
|teamsize|p2|6
|start
|switch|p1a: Talonflame|Talonflame, L83, F|265/265
|switch|p2a: Zekrom|Zekrom, L71|259/259
|-ability|p2a: Zekrom|Teravolt
|turn|1
|inactive|Battle timer is ON: inactive players will automatically lose when time's up. (requested by Sdvfe)
|inactive|Sdvfe has 120 seconds left.
|
|t:|1776976617
|switch|p1a: Scrafty|Scrafty, L83, F|244/244
|-ability|p1a: Scrafty|Intimidate|boost
|-unboost|p2a: Zekrom|atk|1
|move|p2a: Zekrom|Bolt Strike|p1a: Scrafty
|-damage|p1a: Scrafty|163/244
|
|-heal|p1a: Scrafty|178/244|[from] item: Leftovers
|upkeep
|turn|2
|inactive|Aleroots has 120 seconds left.
|
|t:|1776976651
|switch|p2a: Yanmega|Yanmega, L82, F|275/275
|move|p1a: Scrafty|Drain Punch|p2a: Yanmega
|-resisted|p2a: Yanmega
|-damage|p2a: Yanmega|257/275
|-heal|p1a: Scrafty|187/244|[from] drain|[of] p2a: Yanmega
|
|-heal|p1a: Scrafty|202/244|[from] item: Leftovers
|upkeep
|turn|3
|
|t:|1776976665
|switch|p1a: Talonflame|Talonflame, L83, F|265/265
|move|p2a: Yanmega|Air Slash|p1a: Talonflame
|-damage|p1a: Talonflame|154/265
|
|-ability|p2a: Yanmega|Speed Boost|boost
|-boost|p2a: Yanmega|spe|1
|upkeep
|turn|4
|
|t:|1776976679
|switch|p2a: Hippowdon|Hippowdon, L82, F|311/311
|-weather|Sandstorm|[from] ability: Sand Stream|[of] p2a: Hippowdon
|move|p1a: Talonflame|Flare Blitz|p2a: Hippowdon
|-damage|p2a: Hippowdon|220/311
|-damage|p1a: Talonflame|124/265|[from] Recoil
|
|-weather|Sandstorm|[upkeep]
|-damage|p1a: Talonflame|108/265|[from] Sandstorm
|-heal|p2a: Hippowdon|239/311|[from] item: Leftovers
|upkeep
|turn|5
|
|t:|1776976698
|switch|p1a: Serperior|Serperior, L79, M|248/248
|move|p2a: Hippowdon|Stone Edge|p1a: Serperior
|-damage|p1a: Serperior|166/248
|
|-weather|Sandstorm|[upkeep]
|-damage|p1a: Serperior|151/248|[from] Sandstorm
|-heal|p1a: Serperior|166/248|[from] item: Leftovers
|-heal|p2a: Hippowdon|258/311|[from] item: Leftovers
|upkeep
|turn|6
|inactive|Aleroots has 120 seconds left.
|
|t:|1776976714
|switch|p2a: Iron Bundle|Iron Bundle, L78|215/215
|move|p1a: Serperior|Leaf Storm|p2a: Iron Bundle
|-supereffective|p2a: Iron Bundle
|-damage|p2a: Iron Bundle|0 fnt
|-boost|p1a: Serperior|spa|2
|faint|p2a: Iron Bundle
|-end|p2a: Iron Bundle|Quark Drive|[silent]
|
|-weather|Sandstorm|[upkeep]
|-damage|p1a: Serperior|151/248|[from] Sandstorm
|-heal|p1a: Serperior|166/248|[from] item: Leftovers
|upkeep
|inactive|Aleroots has 120 seconds left.
|
|t:|1776976729
|switch|p2a: Yanmega|Yanmega, L82, F|257/275
|turn|7
|inactive|Sdvfe has 120 seconds left.
|c|☆Aleroots|Vai demorar muito o filho da puta?
|
|t:|1776976771
|switch|p1a: Talonflame|Talonflame, L83, F|108/265
|move|p2a: Yanmega|Air Slash|p1a: Talonflame
|-damage|p1a: Talonflame|5/265
|
|-weather|Sandstorm|[upkeep]
|-damage|p1a: Talonflame|0 fnt|[from] Sandstorm
|-damage|p2a: Yanmega|240/275|[from] Sandstorm
|faint|p1a: Talonflame
|-ability|p2a: Yanmega|Speed Boost|boost
|-boost|p2a: Yanmega|spe|1
|upkeep
|
|t:|1776976788
|switch|p1a: Flareon|Flareon, L90, M|263/263
|turn|8
|
|t:|1776976794
|switch|p2a: Hippowdon|Hippowdon, L82, F|258/311
|move|p1a: Flareon|Flare Blitz|p2a: Hippowdon
|-damage|p2a: Hippowdon|104/311
|-damage|p1a: Flareon|212/263|[from] Recoil
|
|-weather|none
|-heal|p2a: Hippowdon|123/311|[from] item: Leftovers
|-status|p1a: Flareon|tox|[from] item: Toxic Orb
|upkeep
|turn|9
|
|t:|1776976809
|move|p1a: Flareon|Flare Blitz|p2a: Hippowdon
|-damage|p2a: Hippowdon|0 fnt
|faint|p2a: Hippowdon
|-damage|p1a: Flareon|171/263 tox|[from] Recoil
|
|-damage|p1a: Flareon|155/263 tox|[from] psn
|upkeep
|inactive|Aleroots has 120 seconds left.
|
|t:|1776976832
|switch|p2a: Mismagius|Mismagius, L86, F|243/243
|turn|10
|inactive|Aleroots has 120 seconds left.
|
|t:|1776976846
|move|p2a: Mismagius|Thunderbolt|p1a: Flareon
|-damage|p1a: Flareon|65/263 tox
|move|p1a: Flareon|Flare Blitz|p2a: Mismagius
|-damage|p2a: Mismagius|0 fnt
|faint|p2a: Mismagius
|-damage|p1a: Flareon|0 fnt|[from] Recoil
|faint|p1a: Flareon
|
|upkeep
|inactive|Sdvfe has 120 seconds left.
|inactive|Aleroots has 120 seconds left.
|
|t:|1776976860
|switch|p2a: Yanmega|Yanmega, L82, F|240/275
|switch|p1a: Serperior|Serperior, L79, M|166/248
|turn|11
|inactive|Sdvfe has 120 seconds left.
|inactive|Aleroots has 120 seconds left.
|
|t:|1776976871
|move|p1a: Serperior|Dragon Pulse|p2a: Yanmega
|-damage|p2a: Yanmega|177/275
|move|p2a: Yanmega|Air Slash|p1a: Serperior
|-supereffective|p1a: Serperior
|-damage|p1a: Serperior|0 fnt
|faint|p1a: Serperior
|
|-ability|p2a: Yanmega|Speed Boost|boost
|-boost|p2a: Yanmega|spe|1
|upkeep
|
|t:|1776976889
|switch|p1a: Oranguru|Oranguru, L92, F|315/315
|turn|12
|inactive|Aleroots has 120 seconds left.
|
|t:|1776976905
|switch|p2a: Zekrom|Zekrom, L71|259/259
|-ability|p2a: Zekrom|Teravolt
|move|p1a: Oranguru|Thunderbolt|p2a: Zekrom
|-resisted|p2a: Zekrom
|-damage|p2a: Zekrom|240/259
|
|-heal|p2a: Zekrom|256/259|[from] item: Leftovers
|upkeep
|turn|13
|inactive|Aleroots has 120 seconds left.
|
|t:|1776976916
|move|p2a: Zekrom|Dragon Dance|p2a: Zekrom
|-boost|p2a: Zekrom|atk|1
|-boost|p2a: Zekrom|spe|1
|move|p1a: Oranguru|Psyshock|p2a: Zekrom
|-damage|p2a: Zekrom|168/259
|
|-heal|p2a: Zekrom|184/259|[from] item: Leftovers
|upkeep
|turn|14
|
|t:|1776976925
|move|p2a: Zekrom|Outrage|p1a: Oranguru
|-damage|p1a: Oranguru|132/315
|move|p1a: Oranguru|Psyshock|p2a: Zekrom
|-damage|p2a: Zekrom|97/259
|
|-heal|p2a: Zekrom|113/259|[from] item: Leftovers
|-heal|p1a: Oranguru|151/315|[from] item: Leftovers
|upkeep
|turn|15
|
|t:|1776976937
|switch|p1a: Scrafty|Scrafty, L83, F|202/244
|-ability|p1a: Scrafty|Intimidate|boost
|-unboost|p2a: Zekrom|atk|1
|move|p2a: Zekrom|Outrage|p1a: Scrafty|[from] lockedmove
|-damage|p1a: Scrafty|93/244
|
|-heal|p2a: Zekrom|129/259|[from] item: Leftovers
|-heal|p1a: Scrafty|108/244|[from] item: Leftovers
|upkeep
|turn|16
|
|t:|1776976948
|move|p2a: Zekrom|Outrage|p1a: Scrafty|[from] lockedmove
|-damage|p1a: Scrafty|0 fnt
|faint|p1a: Scrafty
|-start|p2a: Zekrom|confusion|[fatigue]
|
|-heal|p2a: Zekrom|145/259|[from] item: Leftovers
|upkeep
|
|t:|1776976951
|switch|p1a: Oranguru|Oranguru, L92, F|151/315
|turn|17
|
|t:|1776976959
|-activate|p2a: Zekrom|confusion
|move|p2a: Zekrom|Outrage|p1a: Oranguru
|-damage|p1a: Oranguru|28/315
|move|p1a: Oranguru|Psyshock|p2a: Zekrom
|-crit|p2a: Zekrom
|-damage|p2a: Zekrom|9/259
|
|-heal|p2a: Zekrom|25/259|[from] item: Leftovers
|-heal|p1a: Oranguru|47/315|[from] item: Leftovers
|upkeep
|turn|18
|
|t:|1776976969
|-activate|p2a: Zekrom|confusion
|-damage|p2a: Zekrom|0 fnt|[from] confusion
|faint|p2a: Zekrom
|move|p1a: Oranguru|Psyshock|p2: Zekrom|[notarget]
|-fail|p1a: Oranguru
|
|-heal|p1a: Oranguru|66/315|[from] item: Leftovers
|upkeep
|
|t:|1776976979
|switch|p2a: Espeon|Espeon, L84, M|246/246
|turn|19
|
|t:|1776976988
|move|p2a: Espeon|Alluring Voice|p1a: Oranguru
|-damage|p1a: Oranguru|0 fnt
|faint|p1a: Oranguru
|-damage|p2a: Espeon|222/246|[from] item: Life Orb
|
|upkeep
|
|t:|1776976990
|switch|p1a: Ting-Lu|Ting-Lu, L78|370/370
|-ability|p1a: Ting-Lu|Vessel of Ruin
|turn|20
|
|t:|1776977003
|-terastallize|p1a: Ting-Lu|Ghost
|move|p2a: Espeon|Alluring Voice|p1a: Ting-Lu
|-damage|p1a: Ting-Lu|295/370
|-damage|p2a: Espeon|198/246|[from] item: Life Orb
|move|p1a: Ting-Lu|Payback|p2a: Espeon
|-supereffective|p2a: Espeon
|-damage|p2a: Espeon|0 fnt
|faint|p2a: Espeon
|
|-heal|p1a: Ting-Lu|318/370|[from] item: Leftovers
|upkeep
|
|t:|1776977012
|switch|p2a: Yanmega|Yanmega, L82, F|177/275
|turn|21
|
|t:|1776977028
|move|p2a: Yanmega|Air Slash|p1a: Ting-Lu
|-damage|p1a: Ting-Lu|239/370
|cant|p1a: Ting-Lu|flinch
|
|-heal|p1a: Ting-Lu|262/370|[from] item: Leftovers
|-ability|p2a: Yanmega|Speed Boost|boost
|-boost|p2a: Yanmega|spe|1
|upkeep
|turn|22
|
|t:|1776977036
|move|p2a: Yanmega|Air Slash|p1a: Ting-Lu
|-damage|p1a: Ting-Lu|187/370
|cant|p1a: Ting-Lu|flinch
|
|-heal|p1a: Ting-Lu|210/370|[from] item: Leftovers
|-ability|p2a: Yanmega|Speed Boost|boost
|-boost|p2a: Yanmega|spe|1
|upkeep
|turn|23
|
|t:|1776977045
|move|p2a: Yanmega|Air Slash|p1a: Ting-Lu
|-damage|p1a: Ting-Lu|140/370
|move|p1a: Ting-Lu|Payback|p2a: Yanmega
|-damage|p2a: Yanmega|75/275
|
|-heal|p1a: Ting-Lu|163/370|[from] item: Leftovers
|-ability|p2a: Yanmega|Speed Boost|boost
|-boost|p2a: Yanmega|spe|1
|upkeep
|turn|24
|
|t:|1776977056
|move|p2a: Yanmega|Air Slash|p1a: Ting-Lu
|-damage|p1a: Ting-Lu|81/370
|move|p1a: Ting-Lu|Payback|p2a: Yanmega
|-damage|p2a: Yanmega|0 fnt
|faint|p2a: Yanmega
|
|win|Sdvfe
