|j|☆big froggy
|j|☆Theoneduck78345
|t:|1776974113
|gametype|singles
|player|p1|big froggy|fisherman-gen4|1226
|player|p2|Theoneduck78345|ninjaboy|1264
|gen|9
|tier|[Gen 9] Random Battle
|rated|
|rule|Species Clause: Limit one of each Pokémon
|rule|HP Percentage Mod: HP is shown in percentages
|rule|Sleep Clause Mod: Limit one foe put to sleep
|rule|Illusion Level Mod: Illusion disguises the Pokémon's true level
|
|t:|1776974113
|teamsize|p1|6
|teamsize|p2|6
|start
|switch|p1a: Rabsca|Rabsca, L91, M|284/284
|switch|p2a: Okidogi|Okidogi, L77, M|262/262
|turn|1
|
|t:|1776974140
|-terastallize|p2a: Okidogi|Dark
|move|p2a: Okidogi|Bulk Up|p2a: Okidogi
|-boost|p2a: Okidogi|atk|1
|-boost|p2a: Okidogi|def|1
|move|p1a: Rabsca|Psychic|p2a: Okidogi
|-immune|p2a: Okidogi
|
|upkeep
|turn|2
|
|t:|1776974152
|move|p2a: Okidogi|Knock Off|p1a: Rabsca
|-supereffective|p1a: Rabsca
|-damage|p1a: Rabsca|6/284
|-status|p1a: Rabsca|tox|[from] ability: Toxic Chain|[of] p2a: Okidogi
|-activate|p1a: Rabsca|ability: Synchronize
|-status|p2a: Okidogi|tox
|-enditem|p1a: Rabsca|Heavy-Duty Boots|[from] move: Knock Off|[of] p2a: Okidogi
|move|p1a: Rabsca|Bug Buzz|p2a: Okidogi
|-supereffective|p2a: Okidogi
|-damage|p2a: Okidogi|0 fnt
|faint|p2a: Okidogi
|
|-damage|p1a: Rabsca|0 fnt|[from] psn
|faint|p1a: Rabsca
|upkeep
|
|t:|1776974180
|switch|p2a: Arcanine|Arcanine, L84, F|288/288
|switch|p1a: Furret|Furret, L94, F|312/312
|-item|p2a: Arcanine|Heavy-Duty Boots|[from] ability: Frisk|[of] p1a: Furret
|-ability|p2a: Arcanine|Intimidate|boost
|-unboost|p1a: Furret|atk|1
|turn|3
|
|t:|1776974193
|switch|p1a: Rhydon|Rhydon, L85, F|317/317
|move|p2a: Arcanine|Close Combat|p1a: Rhydon
|-supereffective|p1a: Rhydon
|-damage|p1a: Rhydon|221/317
|-unboost|p2a: Arcanine|def|1
|-unboost|p2a: Arcanine|spd|1
|
|upkeep
|turn|4
|
|t:|1776974206
|switch|p2a: Latios|Latios, L78, M|253/253
|move|p1a: Rhydon|Earthquake|p2a: Latios
|-immune|p2a: Latios|[from] ability: Levitate
|
|upkeep
|turn|5
|
|t:|1776974213
|move|p2a: Latios|Aura Sphere|p1a: Rhydon
|-supereffective|p1a: Rhydon
|-damage|p1a: Rhydon|29/317
|move|p1a: Rhydon|Megahorn|p2a: Latios
|-supereffective|p2a: Latios
|-damage|p2a: Latios|7/253
|
|upkeep
|turn|6
|
|t:|1776974225
|move|p2a: Latios|Aura Sphere|p1a: Rhydon
|-supereffective|p1a: Rhydon
|-damage|p1a: Rhydon|0 fnt
|faint|p1a: Rhydon
|
|upkeep
|
|t:|1776974244
|switch|p1a: Furret|Furret, L94, F|312/312
|-item|p2a: Latios|Choice Specs|[from] ability: Frisk|[of] p1a: Furret
|turn|7
|
|t:|1776974272
|switch|p2a: Jumpluff|Jumpluff, L87, M|271/271
|-terastallize|p1a: Furret|Ghost
|move|p1a: Furret|Tidy Up|p1a: Furret
|-boost|p1a: Furret|atk|1
|-boost|p1a: Furret|spe|1
|
|upkeep
|turn|8
|
|t:|1776974281
|move|p1a: Furret|Double-Edge|p2a: Jumpluff
|-damage|p2a: Jumpluff|0 fnt
|faint|p2a: Jumpluff
|-damage|p1a: Furret|223/312|[from] Recoil
|-damage|p1a: Furret|192/312|[from] item: Life Orb
|
|upkeep
|
|t:|1776974293
|switch|p2a: Arcanine|Arcanine, L84, F|288/288
|-ability|p2a: Arcanine|Intimidate|boost
|-unboost|p1a: Furret|atk|1
|turn|9
|
|t:|1776974298
|move|p1a: Furret|Knock Off|p2a: Arcanine
|-damage|p2a: Arcanine|180/288
|-enditem|p2a: Arcanine|Heavy-Duty Boots|[from] move: Knock Off|[of] p1a: Furret
|-damage|p1a: Furret|161/312|[from] item: Life Orb
|move|p2a: Arcanine|Flare Blitz|p1a: Furret
|-damage|p1a: Furret|0 fnt
|faint|p1a: Furret
|-damage|p2a: Arcanine|127/288|[from] Recoil
|
|upkeep
|
|t:|1776974309
|switch|p1a: Iron Boulder|Iron Boulder, L77|265/265
|turn|10
|
|t:|1776974325
|move|p1a: Iron Boulder|Mighty Cleave|p2a: Arcanine
|-supereffective|p2a: Arcanine
|-crit|p2a: Arcanine
|-damage|p2a: Arcanine|0 fnt
|faint|p2a: Arcanine
|-damage|p1a: Iron Boulder|239/265|[from] item: Life Orb
|
|upkeep
|
|t:|1776974334
|switch|p2a: Gardevoir|Gardevoir, L83, M|249/249
|turn|11
|
|t:|1776974346
|move|p1a: Iron Boulder|Mighty Cleave|p2a: Gardevoir
|-damage|p2a: Gardevoir|81/249
|-damage|p1a: Iron Boulder|213/265|[from] item: Life Orb
|move|p2a: Gardevoir|Moonblast|p1a: Iron Boulder
|-damage|p1a: Iron Boulder|65/265
|-damage|p2a: Gardevoir|57/249|[from] item: Life Orb
|
|upkeep
|turn|12
|
|t:|1776974359
|move|p1a: Iron Boulder|Mighty Cleave|p2a: Gardevoir
|-damage|p2a: Gardevoir|0 fnt
|faint|p2a: Gardevoir
|-damage|p1a: Iron Boulder|39/265|[from] item: Life Orb
|
|upkeep
|
|t:|1776974375
|switch|p2a: Eternatus|Eternatus, L69|308/308
|-ability|p2a: Eternatus|Pressure
|turn|13
|
|t:|1776974382
|move|p1a: Iron Boulder|Zen Headbutt|p2a: Eternatus
|-supereffective|p2a: Eternatus
|-damage|p2a: Eternatus|35/308
|-damage|p1a: Iron Boulder|13/265|[from] item: Life Orb
|move|p2a: Eternatus|Dynamax Cannon|p1a: Iron Boulder
|-damage|p1a: Iron Boulder|0 fnt
|faint|p1a: Iron Boulder
|-end|p1a: Iron Boulder|Quark Drive|[silent]
|
|-heal|p2a: Eternatus|54/308|[from] item: Leftovers
|upkeep
|
|t:|1776974390
|switch|p1a: Typhlosion|Typhlosion, L84, F|267/267
|turn|14
|
|t:|1776974414
|switch|p2a: Latios|Latios, L78, M|7/253
|move|p1a: Typhlosion|Fire Blast|p2a: Latios
|-resisted|p2a: Latios
|-damage|p2a: Latios|0 fnt
|faint|p2a: Latios
|
|upkeep
|
|t:|1776974421
|switch|p2a: Eternatus|Eternatus, L69|54/308
|-ability|p2a: Eternatus|Pressure
|turn|15
|
|t:|1776974428
|move|p2a: Eternatus|Recover|p2a: Eternatus
|-heal|p2a: Eternatus|208/308
|move|p1a: Typhlosion|Fire Blast|p2a: Eternatus
|-resisted|p2a: Eternatus
|-crit|p2a: Eternatus
|-damage|p2a: Eternatus|52/308
|
|-heal|p2a: Eternatus|71/308|[from] item: Leftovers
|upkeep
|turn|16
|
|t:|1776974436
|move|p2a: Eternatus|Recover|p2a: Eternatus
|-heal|p2a: Eternatus|225/308
|move|p1a: Typhlosion|Fire Blast|p2a: Eternatus
|-resisted|p2a: Eternatus
|-damage|p2a: Eternatus|124/308
|
|-heal|p2a: Eternatus|143/308|[from] item: Leftovers
|upkeep
|turn|17
|
|t:|1776974447
|switch|p1a: Wo-Chien|Wo-Chien, L83|277/277
|-ability|p1a: Wo-Chien|Tablets of Ruin
|move|p2a: Eternatus|Recover|p2a: Eternatus
|-heal|p2a: Eternatus|297/308
|
|-heal|p2a: Eternatus|308/308|[from] item: Leftovers
|upkeep
|turn|18
|
|t:|1776974459
|move|p2a: Eternatus|Toxic|p1a: Wo-Chien
|-status|p1a: Wo-Chien|tox
|move|p1a: Wo-Chien|Stun Spore|p2a: Eternatus
|-status|p2a: Eternatus|par
|
|-damage|p1a: Wo-Chien|260/277 tox|[from] psn
|upkeep
|turn|19
|
|t:|1776974466
|move|p1a: Wo-Chien|Knock Off|p2a: Eternatus
|-crit|p2a: Eternatus
|-damage|p2a: Eternatus|146/308 par
|-enditem|p2a: Eternatus|Leftovers|[from] move: Knock Off|[of] p1a: Wo-Chien
|move|p2a: Eternatus|Flamethrower|p1a: Wo-Chien
|-supereffective|p1a: Wo-Chien
|-damage|p1a: Wo-Chien|176/277 tox
|
|-heal|p1a: Wo-Chien|193/277 tox|[from] item: Leftovers
|-damage|p1a: Wo-Chien|159/277 tox|[from] psn
|upkeep
|turn|20
|
|t:|1776974479
|move|p1a: Wo-Chien|Ruination|p2a: Eternatus
|-damage|p2a: Eternatus|73/308 par
|cant|p2a: Eternatus|par
|
|-heal|p1a: Wo-Chien|176/277 tox|[from] item: Leftovers
|-damage|p1a: Wo-Chien|125/277 tox|[from] psn
|upkeep
|turn|21
|
|t:|1776974486
|move|p1a: Wo-Chien|Giga Drain|p2a: Eternatus
|-resisted|p2a: Eternatus
|-damage|p2a: Eternatus|53/308 par
|-heal|p1a: Wo-Chien|135/277 tox|[from] drain|[of] p2a: Eternatus
|move|p2a: Eternatus|Recover|p2a: Eternatus
|-heal|p2a: Eternatus|207/308 par
|
|-heal|p1a: Wo-Chien|152/277 tox|[from] item: Leftovers
|-damage|p1a: Wo-Chien|84/277 tox|[from] psn
|upkeep
|turn|22
|
|t:|1776974496
|move|p1a: Wo-Chien|Ruination|p2a: Eternatus
|-damage|p2a: Eternatus|104/308 par
|move|p2a: Eternatus|Recover|p2a: Eternatus
|-heal|p2a: Eternatus|258/308 par
|
|-heal|p1a: Wo-Chien|101/277 tox|[from] item: Leftovers
|-damage|p1a: Wo-Chien|16/277 tox|[from] psn
|upkeep
|turn|23
|
|t:|1776974505
|move|p1a: Wo-Chien|Ruination|p2a: Eternatus|[miss]
|-miss|p1a: Wo-Chien|p2a: Eternatus
|move|p2a: Eternatus|Recover|p2a: Eternatus
|-heal|p2a: Eternatus|308/308 par
|
|-heal|p1a: Wo-Chien|33/277 tox|[from] item: Leftovers
|-damage|p1a: Wo-Chien|0 fnt|[from] psn
|faint|p1a: Wo-Chien
|upkeep
|
|t:|1776974508
|switch|p1a: Typhlosion|Typhlosion, L84, F|267/267
|turn|24
|
|t:|1776974517
|move|p1a: Typhlosion|Scorching Sands|p2a: Eternatus
|-supereffective|p2a: Eternatus
|-damage|p2a: Eternatus|128/308 par
|cant|p2a: Eternatus|par
|
|upkeep
|turn|25
|
|t:|1776974523
|move|p1a: Typhlosion|Scorching Sands|p2a: Eternatus
|-supereffective|p2a: Eternatus
|-damage|p2a: Eternatus|0 fnt
|faint|p2a: Eternatus
|
|win|big froggy
|raw|big froggy's rating: 1226 &rarr; <strong>1254</strong><br />(+28 for winning)
|raw|Theoneduck78345's rating: 1264 &rarr; <strong>1236</strong><br />(-28 for losing)
|l|☆Theoneduck78345
|player|p2|
|c|☆big froggy|gg
