|j|☆liljuicewrldvert
|j|☆Andferna8
|t:|1772748721
|gametype|singles
|player|p1|liljuicewrldvert|roxie|1432
|player|p2|Andferna8|2|1383
|gen|9
|tier|[Gen 9] Random Battle
|rated|
|rule|Species Clause: Limit one of each Pokémon
|rule|HP Percentage Mod: HP is shown in percentages
|rule|Sleep Clause Mod: Limit one foe put to sleep
|rule|Illusion Level Mod: Illusion disguises the Pokémon's true level
|
|t:|1772748721
|teamsize|p1|6
|teamsize|p2|6
|start
|switch|p1a: Skeledirge|Skeledirge, L79, M|294/294
|switch|p2a: Cramorant|Cramorant, L86, M|261/261
|turn|1
|inactive|Battle timer is ON: inactive players will automatically lose when time's up. (requested by liljuicewrldvert)
|
|t:|1772748746
|switch|p1a: Quagsire|Quagsire, L84, F|297/297
|move|p2a: Cramorant|Surf|p1a: Quagsire
|-formechange|p2a: Cramorant|Cramorant-Gulping|
|-damage|p1a: Quagsire|182/297
|
|-heal|p1a: Quagsire|200/297|[from] item: Leftovers
|upkeep
|turn|2
|
|t:|1772748755
|move|p2a: Cramorant|Brave Bird|p1a: Quagsire
|-damage|p1a: Quagsire|82/297
|-damage|p2a: Cramorant|222/261|[from] Recoil
|move|p1a: Quagsire|Toxic|p2a: Cramorant
|-status|p2a: Cramorant|tox
|
|-heal|p1a: Quagsire|100/297|[from] item: Leftovers
|-damage|p2a: Cramorant|206/261 tox|[from] psn
|upkeep
|turn|3
|
|t:|1772748768
|move|p2a: Cramorant|Surf|p1a: Quagsire
|-crit|p1a: Quagsire
|-damage|p1a: Quagsire|0 fnt
|faint|p1a: Quagsire
|
|-damage|p2a: Cramorant|174/261 tox|[from] psn
|upkeep
|
|t:|1772748782
|switch|p1a: Skeledirge|Skeledirge, L79, M|294/294
|turn|4
|
|t:|1772748786
|switch|p1a: Gogoat|Gogoat, L88, F|360/360
|move|p2a: Cramorant|Surf|p1a: Gogoat
|-resisted|p1a: Gogoat
|-damage|p1a: Gogoat|317/360
|
|-heal|p1a: Gogoat|339/360|[from] item: Leftovers
|-damage|p2a: Cramorant|126/261 tox|[from] psn
|upkeep
|turn|5
|
|t:|1772748801
|move|p2a: Cramorant|Brave Bird|p1a: Gogoat
|-supereffective|p1a: Gogoat
|-damage|p1a: Gogoat|63/360
|-damage|p2a: Cramorant|35/261 tox|[from] Recoil
|move|p1a: Gogoat|Milk Drink|p1a: Gogoat
|-heal|p1a: Gogoat|243/360
|
|-heal|p1a: Gogoat|265/360|[from] item: Leftovers
|-damage|p2a: Cramorant|0 fnt|[from] psn
|faint|p2a: Cramorant
|upkeep
|
|t:|1772748812
|switch|p2a: Rayquaza|Rayquaza, L72|270/270
|-ability|p2a: Rayquaza|Air Lock
|turn|6
|
|t:|1772748818
|switch|p1a: Skeledirge|Skeledirge, L79, M|294/294
|move|p2a: Rayquaza|Swords Dance|p2a: Rayquaza
|-boost|p2a: Rayquaza|atk|2
|
|upkeep
|turn|7
|
|t:|1772748823
|-terastallize|p1a: Skeledirge|Fairy
|move|p2a: Rayquaza|Earthquake|p1a: Skeledirge
|-damage|p1a: Skeledirge|223/294
|move|p1a: Skeledirge|Flame Charge|p2a: Rayquaza
|-resisted|p2a: Rayquaza
|-damage|p2a: Rayquaza|247/270
|-boost|p1a: Skeledirge|spe|1
|
|upkeep
|turn|8
|
|t:|1772748829
|move|p1a: Skeledirge|Torch Song|p2a: Rayquaza
|-resisted|p2a: Rayquaza
|-damage|p2a: Rayquaza|196/270
|-boost|p1a: Skeledirge|spa|1
|move|p2a: Rayquaza|Dragon Ascent|p1a: Skeledirge
|-damage|p1a: Skeledirge|97/294
|-unboost|p2a: Rayquaza|def|1
|-unboost|p2a: Rayquaza|spd|1
|
|upkeep
|turn|9
|
|t:|1772748835
|move|p1a: Skeledirge|Slack Off|p1a: Skeledirge
|-heal|p1a: Skeledirge|244/294
|move|p2a: Rayquaza|Dragon Ascent|p1a: Skeledirge
|-damage|p1a: Skeledirge|112/294
|-unboost|p2a: Rayquaza|def|1
|-unboost|p2a: Rayquaza|spd|1
|
|upkeep
|turn|10
|
|t:|1772748839
|move|p1a: Skeledirge|Slack Off|p1a: Skeledirge
|-heal|p1a: Skeledirge|259/294
|move|p2a: Rayquaza|Dragon Ascent|p1a: Skeledirge
|-damage|p1a: Skeledirge|121/294
|-unboost|p2a: Rayquaza|def|1
|-unboost|p2a: Rayquaza|spd|1
|
|upkeep
|turn|11
|
|t:|1772748849
|-terastallize|p2a: Rayquaza|Normal
|move|p2a: Rayquaza|Extreme Speed|p1a: Skeledirge
|-damage|p1a: Skeledirge|33/294
|move|p1a: Skeledirge|Slack Off|p1a: Skeledirge
|-heal|p1a: Skeledirge|180/294
|
|upkeep
|turn|12
|
|t:|1772748855
|move|p1a: Skeledirge|Torch Song|p2a: Rayquaza
|-damage|p2a: Rayquaza|61/270
|-boost|p1a: Skeledirge|spa|1
|move|p2a: Rayquaza|Dragon Ascent|p1a: Skeledirge
|-damage|p1a: Skeledirge|57/294
|-unboost|p2a: Rayquaza|def|1
|-unboost|p2a: Rayquaza|spd|1
|
|upkeep
|turn|13
|
|t:|1772748858
|move|p2a: Rayquaza|Extreme Speed|p1a: Skeledirge
|-damage|p1a: Skeledirge|0 fnt
|faint|p1a: Skeledirge
|
|upkeep
|
|t:|1772748873
|switch|p1a: Arceus|Arceus-Psychic, L69|280/280
|turn|14
|
|t:|1772748885
|move|p2a: Rayquaza|Extreme Speed|p1a: Arceus
|-crit|p1a: Arceus
|-damage|p1a: Arceus|15/280
|move|p1a: Arceus|Body Press|p2a: Rayquaza
|-supereffective|p2a: Rayquaza
|-damage|p2a: Rayquaza|0 fnt
|faint|p2a: Rayquaza
|
|upkeep
|
|t:|1772748893
|switch|p2a: Banette|Banette, L93, F|270/270
|turn|15
|
|t:|1772748898
|switch|p1a: Gogoat|Gogoat, L88, F|265/360
|move|p2a: Banette|Shadow Sneak|p1a: Gogoat
|-damage|p1a: Gogoat|171/360
|-damage|p2a: Banette|243/270|[from] item: Life Orb
|
|-heal|p1a: Gogoat|193/360|[from] item: Leftovers
|upkeep
|turn|16
|
|t:|1772748906
|move|p2a: Banette|Thunder Wave|p1a: Gogoat
|-status|p1a: Gogoat|par
|move|p1a: Gogoat|Horn Leech|p2a: Banette
|-damage|p2a: Banette|146/270
|-heal|p1a: Gogoat|242/360 par|[from] drain|[of] p2a: Banette
|
|-heal|p1a: Gogoat|264/360 par|[from] item: Leftovers
|upkeep
|turn|17
|
|t:|1772748911
|move|p2a: Banette|Gunk Shot|p1a: Gogoat
|-supereffective|p1a: Gogoat
|-damage|p1a: Gogoat|0 fnt
|faint|p1a: Gogoat
|-damage|p2a: Banette|119/270|[from] item: Life Orb
|
|upkeep
|
|t:|1772748916
|switch|p1a: Salazzle|Salazzle, L83, F|249/249
|turn|18
|
|t:|1772748921
|switch|p2a: Gholdengo|Gholdengo, L77|261/261
|move|p1a: Salazzle|Nasty Plot|p1a: Salazzle
|-boost|p1a: Salazzle|spa|2
|
|upkeep
|turn|19
|
|t:|1772748929
|switch|p2a: Golduck|Golduck, L90, M|290/290
|-ability|p2a: Golduck|Cloud Nine
|move|p1a: Salazzle|Fire Blast|p2a: Golduck
|-resisted|p2a: Golduck
|-damage|p2a: Golduck|161/290
|
|upkeep
|turn|20
|
|t:|1772748933
|move|p1a: Salazzle|Sludge Wave|p2a: Golduck
|-damage|p2a: Golduck|0 fnt
|faint|p2a: Golduck
|
|upkeep
|
|t:|1772748940
|switch|p2a: Banette|Banette, L93, F|119/270
|turn|21
|
|t:|1772748942
|move|p1a: Salazzle|Sludge Wave|p2a: Banette
|-resisted|p2a: Banette
|-damage|p2a: Banette|0 fnt
|faint|p2a: Banette
|
|upkeep
|
|t:|1772748950
|switch|p2a: Miraidon|Miraidon, L65|238/238
|-fieldstart|move: Electric Terrain|[from] ability: Hadron Engine|[of] p2a: Miraidon
|turn|22
|
|t:|1772748953
|move|p1a: Salazzle|Sludge Wave|p2a: Miraidon
|-damage|p2a: Miraidon|0 fnt
|faint|p2a: Miraidon
|
|upkeep
|
|t:|1772748955
|switch|p2a: Gholdengo|Gholdengo, L77|261/261
|turn|23
|c|☆liljuicewrldvert|gg
|
|t:|1772748962
|move|p1a: Salazzle|Fire Blast|p2a: Gholdengo
|-supereffective|p2a: Gholdengo
|-damage|p2a: Gholdengo|0 fnt
|faint|p2a: Gholdengo
|
|win|liljuicewrldvert
|raw|liljuicewrldvert's rating: 1432 &rarr; <strong>1449</strong><br />(+17 for winning)
|raw|Andferna8's rating: 1383 &rarr; <strong>1366</strong><br />(-17 for losing)
|l|☆Andferna8
|player|p2|
