|j|☆obeeezzzzyyy
|j|☆DaColorPurpl
|t:|1776979687
|gametype|singles
|player|p1|obeeezzzzyyy|169|1374
|player|p2|DaColorPurpl|wattson|1397
|gen|9
|tier|[Gen 9] Random Battle
|rated|
|rule|Species Clause: Limit one of each Pokémon
|rule|HP Percentage Mod: HP is shown in percentages
|rule|Sleep Clause Mod: Limit one foe put to sleep
|rule|Illusion Level Mod: Illusion disguises the Pokémon's true level
|
|t:|1776979687
|teamsize|p1|6
|teamsize|p2|6
|start
|switch|p1a: Toxicroak|Toxicroak, L84, M|277/277
|switch|p2a: Basculin|Basculin, L86, M|261/261
|turn|1
|
|t:|1776979703
|move|p2a: Basculin|Flip Turn|p1a: Toxicroak
|-immune|p1a: Toxicroak|[from] ability: Dry Skin
|move|p1a: Toxicroak|Knock Off|p2a: Basculin
|-damage|p2a: Basculin|122/261
|-enditem|p2a: Basculin|Choice Band|[from] move: Knock Off|[of] p1a: Toxicroak
|
|upkeep
|turn|2
|
|t:|1776979708
|move|p2a: Basculin|Double-Edge|p1a: Toxicroak
|-damage|p1a: Toxicroak|166/277
|-damage|p2a: Basculin|85/261|[from] Recoil
|move|p1a: Toxicroak|Knock Off|p2a: Basculin
|-damage|p2a: Basculin|3/261
|
|upkeep
|turn|3
|
|t:|1776979713
|switch|p1a: Dondozo|Dondozo, L78, M|362/362
|move|p2a: Basculin|Double-Edge|p1a: Dondozo
|-damage|p1a: Dondozo|292/362
|-damage|p2a: Basculin|0 fnt|[from] Recoil
|faint|p2a: Basculin
|
|-heal|p1a: Dondozo|314/362|[from] item: Leftovers
|upkeep
|inactive|Battle timer is ON: inactive players will automatically lose when time's up. (requested by obeeezzzzyyy)
|
|t:|1776979735
|switch|p2a: Iron Jugulis|Iron Jugulis, L77|271/271
|turn|4
|
|t:|1776979740
|move|p2a: Iron Jugulis|Meteor Beam||[still]
|-prepare|p2a: Iron Jugulis|Meteor Beam
|-boost|p2a: Iron Jugulis|spa|1
|-enditem|p2a: Iron Jugulis|Power Herb
|-anim|p2a: Iron Jugulis|Meteor Beam|p1a: Dondozo
|-damage|p1a: Dondozo|205/362
|move|p1a: Dondozo|Wave Crash|p2a: Iron Jugulis
|-damage|p2a: Iron Jugulis|154/271
|-damage|p1a: Dondozo|166/362|[from] Recoil
|
|-heal|p1a: Dondozo|188/362|[from] item: Leftovers
|upkeep
|turn|5
|
|t:|1776979751
|move|p2a: Iron Jugulis|Hurricane|p1a: Dondozo|[miss]
|-miss|p2a: Iron Jugulis|p1a: Dondozo
|move|p1a: Dondozo|Wave Crash|p2a: Iron Jugulis
|-damage|p2a: Iron Jugulis|24/271
|-damage|p1a: Dondozo|145/362|[from] Recoil
|
|-heal|p1a: Dondozo|167/362|[from] item: Leftovers
|upkeep
|turn|6
|
|t:|1776979761
|move|p2a: Iron Jugulis|Hurricane|p1a: Dondozo
|-damage|p1a: Dondozo|17/362
|move|p1a: Dondozo|Rest|p1a: Dondozo
|-status|p1a: Dondozo|slp|[from] move: Rest
|-heal|p1a: Dondozo|362/362 slp|[silent]
|
|upkeep
|turn|7
|
|t:|1776979766
|move|p2a: Iron Jugulis|Dark Pulse|p1a: Dondozo
|-damage|p1a: Dondozo|238/362 slp
|cant|p1a: Dondozo|slp
|move|p1a: Dondozo|Sleep Talk|p1a: Dondozo
|move|p1a: Dondozo|Wave Crash|p2a: Iron Jugulis|[from] move: Sleep Talk
|-damage|p2a: Iron Jugulis|0 fnt
|faint|p2a: Iron Jugulis
|-end|p2a: Iron Jugulis|Quark Drive|[silent]
|-damage|p1a: Dondozo|230/362 slp|[from] Recoil
|
|-heal|p1a: Dondozo|252/362 slp|[from] item: Leftovers
|upkeep
|
|t:|1776979773
|switch|p2a: Persian|Persian, L92, F|269/269
|turn|8
|
|t:|1776979778
|move|p2a: Persian|Knock Off|p1a: Dondozo
|-damage|p1a: Dondozo|201/362 slp
|-enditem|p1a: Dondozo|Leftovers|[from] move: Knock Off|[of] p2a: Persian
|cant|p1a: Dondozo|slp
|move|p1a: Dondozo|Sleep Talk|p1a: Dondozo
|move|p1a: Dondozo|Rest||[from] move: Sleep Talk|[still]
|-fail|p1a: Dondozo
|
|upkeep
|turn|9
|
|t:|1776979790
|move|p2a: Persian|U-turn|p1a: Dondozo
|-damage|p1a: Dondozo|164/362 slp
|
|t:|1776979792
|switch|p2a: Virizion|Virizion, L82|283/283|[from] U-turn
|-curestatus|p1a: Dondozo|slp|[msg]
|move|p1a: Dondozo|Wave Crash|p2a: Virizion
|-resisted|p2a: Virizion
|-damage|p2a: Virizion|219/283
|-damage|p1a: Dondozo|143/362|[from] Recoil
|
|upkeep
|turn|10
|
|t:|1776979815
|switch|p1a: Kilowattrel|Kilowattrel, L83, M|252/252
|move|p2a: Virizion|Leaf Blade|p1a: Kilowattrel
|-resisted|p1a: Kilowattrel
|-damage|p1a: Kilowattrel|182/252
|-damage|p2a: Virizion|191/283|[from] item: Life Orb
|
|upkeep
|turn|11
|
|t:|1776979828
|switch|p2a: Regice|Regice, L88|284/284
|move|p1a: Kilowattrel|Hurricane|p2a: Regice
|-damage|p2a: Regice|226/284
|
|upkeep
|turn|12
|
|t:|1776979846
|move|p1a: Kilowattrel|U-turn|p2a: Regice
|-damage|p2a: Regice|192/284
|
|t:|1776979855
|switch|p1a: Iron Moth|Iron Moth, L78|253/253|[from] U-turn
|move|p2a: Regice|Ice Beam|p1a: Iron Moth
|-resisted|p1a: Iron Moth
|-damage|p1a: Iron Moth|205/253
|
|upkeep
|turn|13
|
|t:|1776979867
|-terastallize|p2a: Regice|Electric
|move|p1a: Iron Moth|Fire Blast|p2a: Regice
|-damage|p2a: Regice|87/284
|move|p2a: Regice|Thunder Wave|p1a: Iron Moth
|-status|p1a: Iron Moth|par
|
|upkeep
|turn|14
|
|t:|1776979877
|move|p2a: Regice|Thunderbolt|p1a: Iron Moth
|-damage|p1a: Iron Moth|99/253 par
|move|p1a: Iron Moth|Fire Blast|p2a: Regice
|-damage|p2a: Regice|0 fnt
|faint|p2a: Regice
|
|upkeep
|
|t:|1776979883
|switch|p2a: Virizion|Virizion, L82|191/283
|turn|15
|
|t:|1776979886
|move|p2a: Virizion|Stone Edge|p1a: Iron Moth
|-supereffective|p1a: Iron Moth
|-damage|p1a: Iron Moth|0 fnt
|faint|p1a: Iron Moth
|-end|p1a: Iron Moth|Quark Drive|[silent]
|-damage|p2a: Virizion|163/283|[from] item: Life Orb
|
|upkeep
|
|t:|1776979891
|switch|p1a: Toxicroak|Toxicroak, L84, M|166/277
|turn|16
|
|t:|1776979897
|switch|p2a: Klefki|Klefki, L84, M|233/233
|move|p1a: Toxicroak|Gunk Shot|p2a: Klefki
|-immune|p2a: Klefki
|
|upkeep
|turn|17
|
|t:|1776979916
|switch|p1a: Dondozo|Dondozo, L78, M|143/362
|move|p2a: Klefki|Spikes|p1a: Dondozo
|-sidestart|p1: obeeezzzzyyy|Spikes
|
|upkeep
|turn|18
|
|t:|1776979922
|move|p2a: Klefki|Spikes|p1a: Dondozo
|-sidestart|p1: obeeezzzzyyy|Spikes
|move|p1a: Dondozo|Wave Crash|p2a: Klefki
|-damage|p2a: Klefki|127/233
|-damage|p1a: Dondozo|108/362|[from] Recoil
|
|-heal|p2a: Klefki|141/233|[from] item: Leftovers
|upkeep
|turn|19
|
|t:|1776979928
|move|p2a: Klefki|Spikes|p1a: Dondozo
|-sidestart|p1: obeeezzzzyyy|Spikes
|move|p1a: Dondozo|Curse|p1a: Dondozo
|-unboost|p1a: Dondozo|spe|1
|-boost|p1a: Dondozo|atk|1
|-boost|p1a: Dondozo|def|1
|
|-heal|p2a: Klefki|155/233|[from] item: Leftovers
|upkeep
|turn|20
|
|t:|1776979935
|switch|p2a: Virizion|Virizion, L82|163/283
|move|p1a: Dondozo|Rest|p1a: Dondozo
|-status|p1a: Dondozo|slp|[from] move: Rest
|-heal|p1a: Dondozo|362/362 slp|[silent]
|
|upkeep
|turn|21
|
|t:|1776979942
|move|p2a: Virizion|Leaf Blade|p1a: Dondozo
|-supereffective|p1a: Dondozo
|-damage|p1a: Dondozo|235/362 slp
|-damage|p2a: Virizion|135/283|[from] item: Life Orb
|cant|p1a: Dondozo|slp
|move|p1a: Dondozo|Sleep Talk|p1a: Dondozo
|move|p1a: Dondozo|Rest||[from] move: Sleep Talk|[still]
|-fail|p1a: Dondozo
|
|upkeep
|turn|22
|
|t:|1776979947
|move|p2a: Virizion|Leaf Blade|p1a: Dondozo
|-supereffective|p1a: Dondozo
|-crit|p1a: Dondozo
|-damage|p1a: Dondozo|0 fnt
|faint|p1a: Dondozo
|-damage|p2a: Virizion|107/283|[from] item: Life Orb
|
|upkeep
|
|t:|1776979952
|switch|p1a: Vespiquen|Vespiquen, L99, F|299/299
|-ability|p1a: Vespiquen|Pressure
|turn|23
|
|t:|1776979972
|move|p2a: Virizion|Stone Edge|p1a: Vespiquen
|-supereffective|p1a: Vespiquen
|-damage|p1a: Vespiquen|39/299
|-damage|p2a: Virizion|79/283|[from] item: Life Orb
|move|p1a: Vespiquen|Hurricane|p2a: Virizion
|-supereffective|p2a: Virizion
|-damage|p2a: Virizion|0 fnt
|faint|p2a: Virizion
|
|upkeep
|
|t:|1776979979
|switch|p2a: Klefki|Klefki, L84, M|155/233
|turn|24
|
|t:|1776979987
|move|p2a: Klefki|Play Rough|p1a: Vespiquen|[miss]
|-miss|p2a: Klefki|p1a: Vespiquen
|move|p1a: Vespiquen|Toxic Spikes|p2a: Klefki
|-sidestart|p2: DaColorPurpl|move: Toxic Spikes
|
|-heal|p2a: Klefki|169/233|[from] item: Leftovers
|upkeep
|turn|25
|
|t:|1776979990
|move|p2a: Klefki|Play Rough|p1a: Vespiquen
|-damage|p1a: Vespiquen|0 fnt
|faint|p1a: Vespiquen
|
|-heal|p2a: Klefki|183/233|[from] item: Leftovers
|upkeep
|
|t:|1776980006
|switch|p1a: Oranguru|Oranguru, L92, F|315/315
|-damage|p1a: Oranguru|237/315|[from] Spikes
|turn|26
|
|t:|1776980013
|move|p2a: Klefki|Thunder Wave|p1a: Oranguru
|-status|p1a: Oranguru|par
|move|p1a: Oranguru|Focus Blast|p2a: Klefki|[miss]
|-miss|p1a: Oranguru|p2a: Klefki
|
|-heal|p2a: Klefki|197/233|[from] item: Leftovers
|-heal|p1a: Oranguru|256/315 par|[from] item: Leftovers
|upkeep
|turn|27
|
|t:|1776980019
|move|p2a: Klefki|Play Rough|p1a: Oranguru
|-damage|p1a: Oranguru|169/315 par
|move|p1a: Oranguru|Focus Blast|p2a: Klefki
|-damage|p2a: Klefki|98/233
|-unboost|p2a: Klefki|spd|1
|
|-heal|p2a: Klefki|112/233|[from] item: Leftovers
|-heal|p1a: Oranguru|188/315 par|[from] item: Leftovers
|upkeep
|turn|28
|
|t:|1776980028
|move|p2a: Klefki|Play Rough|p1a: Oranguru
|-damage|p1a: Oranguru|112/315 par
|cant|p1a: Oranguru|par
|
|-heal|p2a: Klefki|126/233|[from] item: Leftovers
|-heal|p1a: Oranguru|131/315 par|[from] item: Leftovers
|upkeep
|turn|29
|
|t:|1776980034
|move|p2a: Klefki|Play Rough|p1a: Oranguru
|-damage|p1a: Oranguru|52/315 par
|cant|p1a: Oranguru|par
|
|-heal|p2a: Klefki|140/233|[from] item: Leftovers
|-heal|p1a: Oranguru|71/315 par|[from] item: Leftovers
|upkeep
|turn|30
|
|t:|1776980038
|move|p2a: Klefki|Play Rough|p1a: Oranguru
|-damage|p1a: Oranguru|0 fnt
|faint|p1a: Oranguru
|
|-heal|p2a: Klefki|154/233|[from] item: Leftovers
|upkeep
|
|t:|1776980053
|switch|p1a: Kilowattrel|Kilowattrel, L83, M|182/252
|turn|31
|
|t:|1776980057
|switch|p2a: Persian|Persian, L92, F|269/269
|-status|p2a: Persian|psn
|move|p1a: Kilowattrel|Discharge|p2a: Persian
|-damage|p2a: Persian|163/269 psn
|
|-damage|p2a: Persian|130/269 psn|[from] psn
|upkeep
|turn|32
|
|t:|1776980064
|move|p2a: Persian|Fake Out|p1a: Kilowattrel
|-damage|p1a: Kilowattrel|91/252
|cant|p1a: Kilowattrel|flinch
|
|-damage|p2a: Persian|97/269 psn|[from] psn
|upkeep
|turn|33
|
|t:|1776980069
|move|p2a: Persian|Double-Edge|p1a: Kilowattrel
|-damage|p1a: Kilowattrel|0 fnt
|faint|p1a: Kilowattrel
|-damage|p2a: Persian|67/269 psn|[from] Recoil
|
|-damage|p2a: Persian|34/269 psn|[from] psn
|upkeep
|
|t:|1776980071
|switch|p1a: Toxicroak|Toxicroak, L84, M|166/277
|-damage|p1a: Toxicroak|97/277|[from] Spikes
|turn|34
|
|t:|1776980082
|move|p1a: Toxicroak|Sucker Punch|p2a: Persian
|-damage|p2a: Persian|0 fnt
|faint|p2a: Persian
|
|upkeep
|
|t:|1776980085
|switch|p2a: Klefki|Klefki, L84, M|154/233
|turn|35
|
|t:|1776980094
|move|p1a: Toxicroak|Sucker Punch|p2a: Klefki
|-resisted|p2a: Klefki
|-damage|p2a: Klefki|116/233
|move|p2a: Klefki|Play Rough|p1a: Toxicroak
|-damage|p1a: Toxicroak|0 fnt
|faint|p1a: Toxicroak
|
|win|DaColorPurpl
|raw|obeeezzzzyyy's rating: 1374 &rarr; <strong>1355</strong><br />(-19 for losing)
|raw|DaColorPurpl's rating: 1397 &rarr; <strong>1416</strong><br />(+19 for winning)
|l|☆obeeezzzzyyy
|player|p1|
