|j|☆salamanderloo
|j|☆JamesLR
|t:|1776980497
|gametype|singles
|player|p1|salamanderloo|alder|1077
|player|p2|JamesLR|1|1096
|gen|9
|tier|[Gen 9] Random Battle
|rated|
|rule|Species Clause: Limit one of each Pokémon
|rule|HP Percentage Mod: HP is shown in percentages
|rule|Sleep Clause Mod: Limit one foe put to sleep
|rule|Illusion Level Mod: Illusion disguises the Pokémon's true level
|
|t:|1776980497
|teamsize|p1|6
|teamsize|p2|6
|start
|switch|p1a: Toxicroak|Toxicroak, L84, F|277/277
|switch|p2a: Spiritomb|Spiritomb, L89, M|234/234
|turn|1
|
|t:|1776980542
|move|p1a: Toxicroak|Swords Dance|p1a: Toxicroak
|-boost|p1a: Toxicroak|atk|2
|move|p2a: Spiritomb|Pain Split|p1a: Toxicroak
|-sethp|p1a: Toxicroak|255/277|[from] move: Pain Split|[silent]
|-sethp|p2a: Spiritomb|234/234|[from] move: Pain Split
|
|upkeep
|turn|2
|inactive|Battle timer is ON: inactive players will automatically lose when time's up. (requested by salamanderloo)
|
|t:|1776980551
|move|p1a: Toxicroak|Swords Dance|p1a: Toxicroak
|-boost|p1a: Toxicroak|atk|2
|move|p2a: Spiritomb|Poltergeist|p1a: Toxicroak
|-activate|p1a: Toxicroak|move: Poltergeist|Life Orb
|-damage|p1a: Toxicroak|90/277
|
|upkeep
|turn|3
|
|t:|1776980567
|move|p1a: Toxicroak|Knock Off|p2a: Spiritomb
|-crit|p2a: Spiritomb
|-damage|p2a: Spiritomb|0 fnt
|-enditem|p2a: Spiritomb|Leftovers|[from] move: Knock Off|[of] p1a: Toxicroak
|faint|p2a: Spiritomb
|-damage|p1a: Toxicroak|63/277|[from] item: Life Orb
|
|upkeep
|
|t:|1776980576
|switch|p2a: Ogerpon|Ogerpon, L80, F|259/259
|turn|4
|
|t:|1776980582
|move|p2a: Ogerpon|Swords Dance|p2a: Ogerpon
|-boost|p2a: Ogerpon|atk|2
|move|p1a: Toxicroak|Gunk Shot|p2a: Ogerpon|[miss]
|-miss|p1a: Toxicroak|p2a: Ogerpon
|
|upkeep
|turn|5
|
|t:|1776980592
|move|p2a: Ogerpon|Ivy Cudgel|p1a: Toxicroak
|-resisted|p1a: Toxicroak
|-damage|p1a: Toxicroak|0 fnt
|faint|p1a: Toxicroak
|-damage|p2a: Ogerpon|234/259|[from] item: Life Orb
|
|upkeep
|
|t:|1776980599
|switch|p1a: Venomoth|Venomoth, L84, F|255/255
|turn|6
|
|t:|1776980605
|move|p2a: Ogerpon|Knock Off|p1a: Venomoth
|-damage|p1a: Venomoth|8/255
|-enditem|p1a: Venomoth|Heavy-Duty Boots|[from] move: Knock Off|[of] p2a: Ogerpon
|-damage|p2a: Ogerpon|209/259|[from] item: Life Orb
|move|p1a: Venomoth|Quiver Dance|p1a: Venomoth
|-boost|p1a: Venomoth|spa|1
|-boost|p1a: Venomoth|spd|1
|-boost|p1a: Venomoth|spe|1
|
|upkeep
|turn|7
|inactive|salamanderloo has 120 seconds left.
|
|t:|1776980649
|move|p1a: Venomoth|Bug Buzz|p2a: Ogerpon
|-supereffective|p2a: Ogerpon
|-damage|p2a: Ogerpon|0 fnt
|faint|p2a: Ogerpon
|
|upkeep
|
|t:|1776980655
|switch|p2a: Cloyster|Cloyster, L80, M|211/211
|turn|8
|inactive|salamanderloo has 120 seconds left.
|
|t:|1776980664
|move|p1a: Venomoth|Bug Buzz|p2a: Cloyster
|-damage|p2a: Cloyster|4/211
|move|p2a: Cloyster|Rock Blast|p1a: Venomoth|[miss]
|-miss|p2a: Cloyster|p1a: Venomoth
|
|upkeep
|turn|9
|
|t:|1776980673
|move|p1a: Venomoth|Bug Buzz|p2a: Cloyster
|-damage|p2a: Cloyster|0 fnt
|faint|p2a: Cloyster
|
|upkeep
|
|t:|1776980678
|switch|p2a: Basculegion|Basculegion-F, L83, F|335/335
|turn|10
|
|t:|1776980686
|move|p1a: Venomoth|Sleep Powder|p2a: Basculegion
|-status|p2a: Basculegion|slp|[from] move: Sleep Powder
|cant|p2a: Basculegion|slp
|
|upkeep
|turn|11
|
|t:|1776980696
|switch|p1a: Flygon|Flygon, L82, F|219/219
|-curestatus|p2a: Basculegion|slp|[msg]
|move|p2a: Basculegion|Flip Turn|p1a: Flygon
|-damage|p1a: Flygon|101/219
|replace|p1a: Zoroark|Zoroark-Hisui, L80, F
|-end|p1a: Zoroark|Illusion
|-hint|Illusion Level Mod is active, so this Pokémon's true level was hidden.
|
|t:|1776980715
|switch|p2a: Great Tusk|Great Tusk, L77|304/304|[from] Flip Turn
|
|upkeep
|turn|12
|
|t:|1776980732
|move|p1a: Zoroark|Nasty Plot|p1a: Zoroark
|-boost|p1a: Zoroark|spa|2
|move|p2a: Great Tusk|Headlong Rush|p1a: Zoroark
|-damage|p1a: Zoroark|0 fnt
|-unboost|p2a: Great Tusk|def|1
|-unboost|p2a: Great Tusk|spd|1
|faint|p1a: Zoroark
|
|upkeep
|
|t:|1776980745
|switch|p1a: Hypno|Hypno, L95, M|315/315
|turn|13
|
|t:|1776980751
|move|p1a: Hypno|Psychic Noise|p2a: Great Tusk
|-supereffective|p2a: Great Tusk
|-damage|p2a: Great Tusk|58/304
|-start|p2a: Great Tusk|move: Heal Block
|move|p2a: Great Tusk|Rapid Spin|p1a: Hypno
|-damage|p1a: Hypno|275/315
|-boost|p2a: Great Tusk|spe|1
|
|-heal|p1a: Hypno|294/315|[from] item: Leftovers
|upkeep
|turn|14
|
|t:|1776980765
|-terastallize|p2a: Great Tusk|Ground
|move|p2a: Great Tusk|Headlong Rush|p1a: Hypno
|-damage|p1a: Hypno|104/315
|-unboost|p2a: Great Tusk|def|1
|-unboost|p2a: Great Tusk|spd|1
|move|p1a: Hypno|Psychic Noise|p2a: Great Tusk
|-damage|p2a: Great Tusk|0 fnt
|faint|p2a: Great Tusk
|-end|p2a: Great Tusk|Protosynthesis|[silent]
|
|-heal|p1a: Hypno|123/315|[from] item: Leftovers
|upkeep
|
|t:|1776980773
|switch|p2a: Wyrdeer|Wyrdeer, L87, F|321/321
|-ability|p2a: Wyrdeer|Intimidate|boost
|-unboost|p1a: Hypno|atk|1
|turn|15
|
|t:|1776980783
|move|p1a: Hypno|Toxic|p2a: Wyrdeer
|-status|p2a: Wyrdeer|tox
|move|p2a: Wyrdeer|Megahorn|p1a: Hypno
|-supereffective|p1a: Hypno
|-damage|p1a: Hypno|0 fnt
|faint|p1a: Hypno
|
|-damage|p2a: Wyrdeer|301/321 tox|[from] psn
|upkeep
|
|t:|1776980794
|switch|p1a: Araquanid|Araquanid, L82, M|246/246
|turn|16
|
|t:|1776980803
|move|p2a: Wyrdeer|Thunder Wave|p1a: Araquanid
|-status|p1a: Araquanid|par
|cant|p1a: Araquanid|par
|
|-heal|p2a: Wyrdeer|321/321 tox|[from] item: Leftovers
|-damage|p2a: Wyrdeer|281/321 tox|[from] psn
|upkeep
|turn|17
|
|t:|1776980811
|move|p2a: Wyrdeer|Psychic Noise|p1a: Araquanid
|-damage|p1a: Araquanid|182/246 par
|-start|p1a: Araquanid|move: Heal Block
|move|p1a: Araquanid|Sticky Web|p2a: Wyrdeer
|-sidestart|p2: JamesLR|move: Sticky Web
|
|-heal|p2a: Wyrdeer|301/321 tox|[from] item: Leftovers
|-damage|p2a: Wyrdeer|241/321 tox|[from] psn
|upkeep
|turn|18
|
|t:|1776980823
|move|p2a: Wyrdeer|Megahorn|p1a: Araquanid
|-damage|p1a: Araquanid|92/246 par
|move|p1a: Araquanid|Hydro Pump|p2a: Wyrdeer|[miss]
|-miss|p1a: Araquanid|p2a: Wyrdeer
|
|-heal|p2a: Wyrdeer|261/321 tox|[from] item: Leftovers
|-damage|p2a: Wyrdeer|181/321 tox|[from] psn
|-end|p1a: Araquanid|move: Heal Block
|upkeep
|turn|19
|
|t:|1776980835
|move|p2a: Wyrdeer|Megahorn|p1a: Araquanid
|-damage|p1a: Araquanid|0 fnt
|faint|p1a: Araquanid
|
|-heal|p2a: Wyrdeer|201/321 tox|[from] item: Leftovers
|-damage|p2a: Wyrdeer|101/321 tox|[from] psn
|upkeep
|
|t:|1776980844
|switch|p1a: Flygon|Flygon, L82, F|265/265
|turn|20
|
|t:|1776980849
|move|p1a: Flygon|Dragon Dance|p1a: Flygon
|-boost|p1a: Flygon|atk|1
|-boost|p1a: Flygon|spe|1
|move|p2a: Wyrdeer|Megahorn|p1a: Flygon
|-damage|p1a: Flygon|158/265
|
|-heal|p2a: Wyrdeer|121/321 tox|[from] item: Leftovers
|-damage|p2a: Wyrdeer|1/321 tox|[from] psn
|upkeep
|turn|21
|
|t:|1776980861
|move|p1a: Flygon|Earthquake|p2a: Wyrdeer
|-damage|p2a: Wyrdeer|0 fnt
|faint|p2a: Wyrdeer
|
|upkeep
|
|t:|1776980864
|switch|p2a: Basculegion|Basculegion-F, L83, F|335/335
|-activate|p2a: Basculegion|move: Sticky Web
|-unboost|p2a: Basculegion|spe|1
|turn|22
|
|t:|1776980869
|move|p1a: Flygon|Outrage|p2a: Basculegion
|-damage|p2a: Basculegion|95/335
|move|p2a: Basculegion|Ice Beam|p1a: Flygon
|-supereffective|p1a: Flygon
|-damage|p1a: Flygon|0 fnt
|faint|p1a: Flygon
|
|upkeep
|
|t:|1776980878
|switch|p1a: Venomoth|Venomoth, L84, F|8/255
|turn|23
|
|t:|1776980881
|move|p1a: Venomoth|Sludge Wave|p2a: Basculegion
|-resisted|p2a: Basculegion
|-damage|p2a: Basculegion|0 fnt
|faint|p2a: Basculegion
|
|win|salamanderloo
|raw|salamanderloo's rating: 1077 &rarr; <strong>1107</strong><br />(+30 for winning)
|raw|JamesLR's rating: 1096 &rarr; <strong>1070</strong><br />(-26 for losing)
|l|☆JamesLR
|player|p2|
