|j|☆vernoss
|j|☆L.Chrollo
|t:|1776976029
|gametype|singles
|player|p1|vernoss|1|
|player|p2|L.Chrollo|101|
|gen|9
|tier|[Gen 9] Random Battle
|rule|Species Clause: Limit one of each Pokémon
|rule|HP Percentage Mod: HP is shown in percentages
|rule|Sleep Clause Mod: Limit one foe put to sleep
|rule|Illusion Level Mod: Illusion disguises the Pokémon's true level
|
|t:|1776976029
|teamsize|p1|6
|teamsize|p2|6
|start
|switch|p1a: Vikavolt|Vikavolt, L83, M|263/263
|switch|p2a: Regidrago|Regidrago, L77|435/435
|turn|1
|inactive|Battle timer is ON: inactive players will automatically lose when time's up. (requested by vernoss)
|inactive|vernoss has 270 seconds left.
|
|t:|1776976066
|move|p2a: Regidrago|Dragon Dance|p2a: Regidrago
|-boost|p2a: Regidrago|atk|1
|-boost|p2a: Regidrago|spe|1
|move|p1a: Vikavolt|Sticky Web|p2a: Regidrago
|-sidestart|p2: L.Chrollo|move: Sticky Web
|
|upkeep
|turn|2
|
|t:|1776976088
|switch|p1a: Vileplume|Vileplume, L85, F|266/266
|move|p2a: Regidrago|Dragon Dance|p2a: Regidrago
|-boost|p2a: Regidrago|atk|1
|-boost|p2a: Regidrago|spe|1
|
|upkeep
|turn|3
|
|t:|1776976098
|move|p2a: Regidrago|Earthquake|p1a: Vileplume
|-damage|p1a: Vileplume|93/266
|-damage|p2a: Regidrago|392/435|[from] item: Life Orb
|move|p1a: Vileplume|Sleep Powder|p2a: Regidrago
|-status|p2a: Regidrago|slp|[from] move: Sleep Powder
|
|-heal|p1a: Vileplume|109/266|[from] item: Leftovers
|upkeep
|turn|4
|
|t:|1776976108
|cant|p2a: Regidrago|slp
|move|p1a: Vileplume|Strength Sap|p2a: Regidrago
|-unboost|p2a: Regidrago|atk|1
|-heal|p1a: Vileplume|266/266
|
|upkeep
|turn|5
|
|t:|1776976121
|cant|p2a: Regidrago|slp
|move|p1a: Vileplume|Sludge Bomb|p2a: Regidrago
|-damage|p2a: Regidrago|211/435 slp
|
|upkeep
|turn|6
|
|t:|1776976151
|-terastallize|p2a: Regidrago|Steel
|cant|p2a: Regidrago|slp
|move|p1a: Vileplume|Strength Sap|p2a: Regidrago
|-unboost|p2a: Regidrago|atk|1
|
|upkeep
|turn|7
|inactive|vernoss has 270 seconds left.
|
|t:|1776976186
|-curestatus|p2a: Regidrago|slp|[msg]
|move|p2a: Regidrago|Dragon Dance|p2a: Regidrago
|-boost|p2a: Regidrago|atk|1
|-boost|p2a: Regidrago|spe|1
|move|p1a: Vileplume|Strength Sap|p2a: Regidrago
|-unboost|p2a: Regidrago|atk|1
|
|upkeep
|turn|8
|inactive|vernoss has 270 seconds left.
|
|t:|1776976204
|move|p2a: Regidrago|Earthquake|p1a: Vileplume
|-damage|p1a: Vileplume|179/266
|-damage|p2a: Regidrago|168/435|[from] item: Life Orb
|move|p1a: Vileplume|Sleep Powder|p2a: Regidrago
|-status|p2a: Regidrago|slp|[from] move: Sleep Powder
|
|-heal|p1a: Vileplume|195/266|[from] item: Leftovers
|upkeep
|turn|9
|inactive|vernoss has 270 seconds left.
|inactive|L.Chrollo has 270 seconds left.
|
|t:|1776976225
|cant|p2a: Regidrago|slp
|move|p1a: Vileplume|Strength Sap|p2a: Regidrago
|-unboost|p2a: Regidrago|atk|1
|-heal|p1a: Vileplume|266/266
|
|upkeep
|turn|10
|inactive|L.Chrollo has 270 seconds left.
|inactive|vernoss has 270 seconds left.
|
|t:|1776976237
|switch|p1a: Hitmonchan|Hitmonchan, L87, M|229/229
|cant|p2a: Regidrago|slp
|
|upkeep
|turn|11
|inactive|vernoss has 270 seconds left.
|
|t:|1776976249
|-curestatus|p2a: Regidrago|slp|[msg]
|move|p2a: Regidrago|Dragon Claw|p1a: Hitmonchan
|-damage|p1a: Hitmonchan|122/229
|-damage|p2a: Regidrago|125/435|[from] item: Life Orb
|move|p1a: Hitmonchan|Bulk Up|p1a: Hitmonchan
|-boost|p1a: Hitmonchan|atk|1
|-boost|p1a: Hitmonchan|def|1
|
|-heal|p1a: Hitmonchan|136/229|[from] item: Leftovers
|upkeep
|turn|12
|inactive|vernoss has 270 seconds left.
|
|t:|1776976262
|move|p2a: Regidrago|Tera Blast|p1a: Hitmonchan|[anim] Tera Blast Steel
|-damage|p1a: Hitmonchan|65/229
|-damage|p2a: Regidrago|82/435|[from] item: Life Orb
|move|p1a: Hitmonchan|Drain Punch|p2a: Regidrago
|-supereffective|p2a: Regidrago
|-damage|p2a: Regidrago|0 fnt
|-heal|p1a: Hitmonchan|106/229|[from] drain|[of] p2a: Regidrago
|faint|p2a: Regidrago
|
|-heal|p1a: Hitmonchan|120/229|[from] item: Leftovers
|upkeep
|inactive|L.Chrollo has 270 seconds left.
|
|t:|1776976288
|switch|p2a: Leafeon|Leafeon, L88, M|258/258
|-activate|p2a: Leafeon|move: Sticky Web
|-unboost|p2a: Leafeon|spe|1
|turn|13
|inactive|vernoss has 270 seconds left.
|
|t:|1776976332
|move|p1a: Hitmonchan|Knock Off|p2a: Leafeon
|-damage|p2a: Leafeon|183/258
|-enditem|p2a: Leafeon|Life Orb|[from] move: Knock Off|[of] p1a: Hitmonchan
|move|p2a: Leafeon|Knock Off|p1a: Hitmonchan
|-resisted|p1a: Hitmonchan
|-damage|p1a: Hitmonchan|91/229
|-enditem|p1a: Hitmonchan|Leftovers|[from] move: Knock Off|[of] p2a: Leafeon
|
|upkeep
|turn|14
|inactive|L.Chrollo has 270 seconds left.
|
|t:|1776976344
|move|p1a: Hitmonchan|Drain Punch|p2a: Leafeon
|-damage|p2a: Leafeon|71/258
|-heal|p1a: Hitmonchan|147/229|[from] drain|[of] p2a: Leafeon
|move|p2a: Leafeon|Swords Dance|p2a: Leafeon
|-boost|p2a: Leafeon|atk|2
|
|upkeep
|turn|15
|inactive|L.Chrollo has 270 seconds left.
|
|t:|1776976352
|move|p1a: Hitmonchan|Drain Punch|p2a: Leafeon
|-damage|p2a: Leafeon|0 fnt
|-heal|p1a: Hitmonchan|183/229|[from] drain|[of] p2a: Leafeon
|faint|p2a: Leafeon
|
|upkeep
|inactive|L.Chrollo has 270 seconds left.
|
|t:|1776976369
|switch|p2a: Mimikyu|Mimikyu, L79, F|216/216
|-activate|p2a: Mimikyu|move: Sticky Web
|-unboost|p2a: Mimikyu|spe|1
|turn|16
|inactive|vernoss has 240 seconds left.
|
|t:|1776976395
|move|p1a: Hitmonchan|Bulk Up|p1a: Hitmonchan
|-boost|p1a: Hitmonchan|atk|1
|-boost|p1a: Hitmonchan|def|1
|move|p2a: Mimikyu|Swords Dance|p2a: Mimikyu
|-boost|p2a: Mimikyu|atk|2
|
|upkeep
|turn|17
|
|t:|1776976404
|move|p1a: Hitmonchan|Bulk Up|p1a: Hitmonchan
|-boost|p1a: Hitmonchan|atk|1
|-boost|p1a: Hitmonchan|def|1
|move|p2a: Mimikyu|Play Rough|p1a: Hitmonchan|[miss]
|-miss|p2a: Mimikyu|p1a: Hitmonchan
|
|upkeep
|turn|18
|inactive|L.Chrollo has 270 seconds left.
|
|t:|1776976413
|move|p2a: Mimikyu|Shadow Sneak|p1a: Hitmonchan
|-damage|p1a: Hitmonchan|147/229
|-damage|p2a: Mimikyu|195/216|[from] item: Life Orb
|move|p1a: Hitmonchan|Knock Off|p2a: Mimikyu
|-activate|p2a: Mimikyu|ability: Disguise
|-damage|p2a: Mimikyu|195/216
|-enditem|p2a: Mimikyu|Life Orb|[from] move: Knock Off|[of] p1a: Hitmonchan
|detailschange|p2a: Mimikyu|Mimikyu-Busted, L79, F
|-damage|p2a: Mimikyu|168/216|[from] pokemon: Mimikyu-Busted
|
|upkeep
|turn|19
|inactive|L.Chrollo has 270 seconds left.
|
|t:|1776976429
|move|p1a: Hitmonchan|Knock Off|p2a: Mimikyu
|-damage|p2a: Mimikyu|30/216
|move|p2a: Mimikyu|Play Rough|p1a: Hitmonchan
|-supereffective|p1a: Hitmonchan
|-damage|p1a: Hitmonchan|9/229
|-unboost|p1a: Hitmonchan|atk|1
|
|upkeep
|turn|20
|inactive|vernoss has 240 seconds left.
|
|t:|1776976457
|move|p2a: Mimikyu|Shadow Sneak|p1a: Hitmonchan
|-damage|p1a: Hitmonchan|0 fnt
|faint|p1a: Hitmonchan
|
|upkeep
|inactive|vernoss has 210 seconds left.
|
|t:|1776976483
|switch|p1a: Dragapult|Dragapult, L77, M|262/262
|turn|21
|inactive|vernoss has 210 seconds left.
|
|t:|1776976504
|move|p2a: Mimikyu|Shadow Sneak|p1a: Dragapult
|-supereffective|p1a: Dragapult
|-damage|p1a: Dragapult|76/262
|move|p1a: Dragapult|Fire Blast|p2a: Mimikyu|[miss]
|-miss|p1a: Dragapult|p2a: Mimikyu
|
|upkeep
|turn|22
|
|t:|1776976511
|move|p2a: Mimikyu|Shadow Sneak|p1a: Dragapult
|-supereffective|p1a: Dragapult
|-damage|p1a: Dragapult|0 fnt
|faint|p1a: Dragapult
|
|upkeep
|inactive|vernoss has 180 seconds left.
|
|t:|1776976544
|switch|p1a: Vileplume|Vileplume, L85, F|266/266
|turn|23
|inactive|vernoss has 180 seconds left.
|
|t:|1776976571
|move|p1a: Vileplume|Giga Drain|p2a: Mimikyu
|-damage|p2a: Mimikyu|0 fnt
|faint|p2a: Mimikyu
|
|upkeep
|inactive|L.Chrollo has 270 seconds left.
|
|t:|1776976602
|switch|p2a: Espeon|Espeon, L84, M|246/246
|-activate|p2a: Espeon|move: Sticky Web
|-unboost|p2a: Espeon|spe|1
|turn|24
|inactive|vernoss has 180 seconds left.
|
|t:|1776976620
|switch|p1a: Grumpig|Grumpig, L92, M|297/297
|move|p2a: Espeon|Calm Mind|p2a: Espeon
|-boost|p2a: Espeon|spa|1
|-boost|p2a: Espeon|spd|1
|
|upkeep
|turn|25
|inactive|vernoss has 180 seconds left.
|inactive|L.Chrollo has 240 seconds left.
|inactive|vernoss has 150 seconds left.
|
|t:|1776976663
|move|p1a: Grumpig|Trick|p2a: Espeon
|-activate|p1a: Grumpig|move: Trick|[of] p2a: Espeon
|-item|p2a: Espeon|Choice Scarf|[from] move: Trick
|-item|p1a: Grumpig|Life Orb|[from] move: Trick
|move|p2a: Espeon|Alluring Voice|p1a: Grumpig
|-damage|p1a: Grumpig|208/297
|
|upkeep
|turn|26
|inactive|vernoss has 150 seconds left.
|
|t:|1776976688
|move|p2a: Espeon|Alluring Voice|p1a: Grumpig
|-damage|p1a: Grumpig|129/297
|move|p1a: Grumpig|Shadow Ball|p2a: Espeon
|-supereffective|p2a: Espeon
|-damage|p2a: Espeon|145/246
|-damage|p1a: Grumpig|100/297|[from] item: Life Orb
|
|upkeep
|turn|27
|
|t:|1776976697
|move|p2a: Espeon|Alluring Voice|p1a: Grumpig
|-damage|p1a: Grumpig|16/297
|move|p1a: Grumpig|Shadow Ball|p2a: Espeon
|-supereffective|p2a: Espeon
|-damage|p2a: Espeon|38/246
|-damage|p1a: Grumpig|0 fnt|[from] item: Life Orb
|faint|p1a: Grumpig
|
|upkeep
|inactive|vernoss has 120 seconds left.
|
|t:|1776976742
|switch|p1a: Vikavolt|Vikavolt, L83, M|263/263
|turn|28
|
|t:|1776976755
|move|p2a: Espeon|Alluring Voice|p1a: Vikavolt
|-damage|p1a: Vikavolt|137/263
|move|p1a: Vikavolt|Bug Buzz|p2a: Espeon
|-supereffective|p2a: Espeon
|-damage|p2a: Espeon|0 fnt
|faint|p2a: Espeon
|
|upkeep
|
|t:|1776976766
|switch|p2a: Drednaw|Drednaw, L81, F|278/278
|-activate|p2a: Drednaw|move: Sticky Web
|-unboost|p2a: Drednaw|spe|1
|-enditem|p2a: Drednaw|White Herb
|-clearnegativeboost|p2a: Drednaw|[silent]
|turn|29
|
|t:|1776976783
|move|p2a: Drednaw|Shell Smash|p2a: Drednaw
|-unboost|p2a: Drednaw|def|1
|-unboost|p2a: Drednaw|spd|1
|-boost|p2a: Drednaw|atk|2
|-boost|p2a: Drednaw|spa|2
|-boost|p2a: Drednaw|spe|2
|move|p1a: Vikavolt|Energy Ball|p2a: Drednaw
|-supereffective|p2a: Drednaw
|-damage|p2a: Drednaw|0 fnt
|faint|p2a: Drednaw
|
|upkeep
|
|t:|1776976793
|switch|p2a: Wugtrio|Wugtrio, L91, M|212/212
|-activate|p2a: Wugtrio|move: Sticky Web
|-unboost|p2a: Wugtrio|spe|1
|turn|30
|
|t:|1776976814
|move|p2a: Wugtrio|Throat Chop|p1a: Vikavolt
|-damage|p1a: Vikavolt|38/263
|-start|p1a: Vikavolt|Throat Chop|[silent]
|move|p1a: Vikavolt|Discharge|p2a: Wugtrio
|-supereffective|p2a: Wugtrio
|-damage|p2a: Wugtrio|0 fnt
|faint|p2a: Wugtrio
|
|win|vernoss
