|j|☆ArminZjajo
|j|☆JimothyTheSavage
|t:|1776979726
|gametype|singles
|player|p1|ArminZjajo|102|1785
|player|p2|JimothyTheSavage|giovanni|1788
|gen|9
|tier|[Gen 9] Random Battle
|rated|
|rule|Species Clause: Limit one of each Pokémon
|rule|HP Percentage Mod: HP is shown in percentages
|rule|Sleep Clause Mod: Limit one foe put to sleep
|rule|Illusion Level Mod: Illusion disguises the Pokémon's true level
|
|t:|1776979726
|teamsize|p1|6
|teamsize|p2|6
|start
|switch|p1a: Bisharp|Bisharp, L79, F|232/232
|switch|p2a: Vivillon|Vivillon-Modern, L83, F|268/268
|turn|1
|inactive|Battle timer is ON: inactive players will automatically lose when time's up. (requested by JimothyTheSavage)
|
|t:|1776979756
|move|p2a: Vivillon|Sleep Powder|p1a: Bisharp
|-status|p1a: Bisharp|slp|[from] move: Sleep Powder
|cant|p1a: Bisharp|slp
|
|upkeep
|turn|2
|l|☆ArminZjajo
|inactive|ArminZjajo disconnected and has a minute to reconnect!
|player|p1|
|j|☆ArminZjajo
|inactive|ArminZjajo reconnected and has 105 seconds left.
|player|p1|ArminZjajo|102|
|
|t:|1776979808
|switch|p2a: Mienshao|Mienshao, L83, M|244/244
|switch|p1a: Oricorio|Oricorio-Sensu, L85, M|266/266
|
|upkeep
|turn|3
|inactive|ArminZjajo has 90 seconds left.
|
|t:|1776979838
|move|p2a: Mienshao|Knock Off|p1a: Oricorio
|-supereffective|p1a: Oricorio
|-damage|p1a: Oricorio|74/266
|-enditem|p1a: Oricorio|Heavy-Duty Boots|[from] move: Knock Off|[of] p2a: Mienshao
|move|p1a: Oricorio|Quiver Dance|p1a: Oricorio
|-boost|p1a: Oricorio|spa|1
|-boost|p1a: Oricorio|spd|1
|-boost|p1a: Oricorio|spe|1
|
|upkeep
|turn|4
|
|t:|1776979848
|move|p1a: Oricorio|Roost|p1a: Oricorio
|-heal|p1a: Oricorio|207/266
|-singleturn|p1a: Oricorio|move: Roost
|move|p2a: Mienshao|Knock Off|p1a: Oricorio
|-supereffective|p1a: Oricorio
|-damage|p1a: Oricorio|81/266
|
|upkeep
|turn|5
|
|t:|1776979864
|move|p1a: Oricorio|Roost|p1a: Oricorio
|-heal|p1a: Oricorio|214/266
|-singleturn|p1a: Oricorio|move: Roost
|move|p2a: Mienshao|Knock Off|p1a: Oricorio
|-supereffective|p1a: Oricorio
|-damage|p1a: Oricorio|78/266
|
|upkeep
|turn|6
|
|t:|1776979872
|move|p1a: Oricorio|Hurricane|p2a: Mienshao
|-supereffective|p2a: Mienshao
|-crit|p2a: Mienshao
|-damage|p2a: Mienshao|0 fnt
|faint|p2a: Mienshao
|
|upkeep
|
|t:|1776979888
|switch|p2a: Lucario|Lucario, L84, F|255/255
|turn|7
|
|t:|1776979898
|move|p1a: Oricorio|Revelation Dance|p2a: Lucario
|-damage|p2a: Lucario|81/255
|move|p2a: Lucario|Meteor Mash|p1a: Oricorio
|-damage|p1a: Oricorio|0 fnt
|faint|p1a: Oricorio
|-damage|p2a: Lucario|56/255|[from] item: Life Orb
|
|upkeep
|
|t:|1776979907
|switch|p1a: Walking Wake|Walking Wake, L79|286/286
|turn|8
|
|t:|1776979914
|move|p2a: Lucario|Extreme Speed|p1a: Walking Wake
|-damage|p1a: Walking Wake|205/286
|-damage|p2a: Lucario|31/255|[from] item: Life Orb
|move|p1a: Walking Wake|Flamethrower|p2a: Lucario
|-supereffective|p2a: Lucario
|-damage|p2a: Lucario|0 fnt
|faint|p2a: Lucario
|
|upkeep
|
|t:|1776979928
|switch|p2a: Ceruledge|Ceruledge, L78, F|245/245
|turn|9
|
|t:|1776979934
|-end|p1a: Walking Wake|Protosynthesis|[silent]
|switch|p1a: Suicune|Suicune, L82|298/298
|-ability|p1a: Suicune|Pressure
|move|p2a: Ceruledge|Swords Dance|p2a: Ceruledge
|-boost|p2a: Ceruledge|atk|2
|
|upkeep
|turn|10
|
|t:|1776979945
|move|p1a: Suicune|Calm Mind|p1a: Suicune
|-boost|p1a: Suicune|spa|1
|-boost|p1a: Suicune|spd|1
|move|p2a: Ceruledge|Poltergeist|p1a: Suicune
|-activate|p1a: Suicune|move: Poltergeist|Leftovers
|-damage|p1a: Suicune|87/298
|
|-heal|p1a: Suicune|105/298|[from] item: Leftovers
|upkeep
|turn|11
|
|t:|1776979956
|move|p1a: Suicune|Scald|p2a: Ceruledge
|-supereffective|p2a: Ceruledge
|-damage|p2a: Ceruledge|21/245
|move|p2a: Ceruledge|Poltergeist|p1a: Suicune|[miss]
|-miss|p2a: Ceruledge|p1a: Suicune
|
|-heal|p1a: Suicune|123/298|[from] item: Leftovers
|upkeep
|turn|12
|
|t:|1776979962
|move|p2a: Ceruledge|Shadow Sneak|p1a: Suicune
|-damage|p1a: Suicune|48/298
|move|p1a: Suicune|Scald|p2a: Ceruledge
|-supereffective|p2a: Ceruledge
|-damage|p2a: Ceruledge|0 fnt
|faint|p2a: Ceruledge
|
|-heal|p1a: Suicune|66/298|[from] item: Leftovers
|upkeep
|
|t:|1776979973
|switch|p2a: Comfey|Comfey, L85, M|225/225
|turn|13
|
|t:|1776979994
|move|p2a: Comfey|Calm Mind|p2a: Comfey
|-boost|p2a: Comfey|spa|1
|-boost|p2a: Comfey|spd|1
|move|p1a: Suicune|Rest|p1a: Suicune
|-status|p1a: Suicune|slp|[from] move: Rest
|-heal|p1a: Suicune|298/298 slp|[silent]
|
|upkeep
|turn|14
|
|t:|1776979999
|move|p2a: Comfey|Calm Mind|p2a: Comfey
|-boost|p2a: Comfey|spa|1
|-boost|p2a: Comfey|spd|1
|cant|p1a: Suicune|slp
|move|p1a: Suicune|Sleep Talk|p1a: Suicune
|move|p1a: Suicune|Scald|p2a: Comfey|[from] move: Sleep Talk
|-damage|p2a: Comfey|180/225
|
|-heal|p2a: Comfey|194/225|[from] item: Leftovers
|upkeep
|turn|15
|
|t:|1776980003
|move|p2a: Comfey|Calm Mind|p2a: Comfey
|-boost|p2a: Comfey|spa|1
|-boost|p2a: Comfey|spd|1
|cant|p1a: Suicune|slp
|move|p1a: Suicune|Sleep Talk|p1a: Suicune
|move|p1a: Suicune|Scald|p2a: Comfey|[from] move: Sleep Talk
|-damage|p2a: Comfey|158/225
|-status|p2a: Comfey|brn
|
|-heal|p2a: Comfey|172/225 brn|[from] item: Leftovers
|-damage|p2a: Comfey|158/225 brn|[from] brn
|upkeep
|turn|16
|
|t:|1776980007
|move|p2a: Comfey|Calm Mind|p2a: Comfey
|-boost|p2a: Comfey|spa|1
|-boost|p2a: Comfey|spd|1
|-curestatus|p1a: Suicune|slp|[msg]
|move|p1a: Suicune|Calm Mind|p1a: Suicune
|-boost|p1a: Suicune|spa|1
|-boost|p1a: Suicune|spd|1
|
|-heal|p2a: Comfey|172/225 brn|[from] item: Leftovers
|-damage|p2a: Comfey|158/225 brn|[from] brn
|upkeep
|turn|17
|
|t:|1776980016
|move|p2a: Comfey|Calm Mind|p2a: Comfey
|-boost|p2a: Comfey|spa|1
|-boost|p2a: Comfey|spd|1
|move|p1a: Suicune|Calm Mind|p1a: Suicune
|-boost|p1a: Suicune|spa|1
|-boost|p1a: Suicune|spd|1
|
|-heal|p2a: Comfey|172/225 brn|[from] item: Leftovers
|-damage|p2a: Comfey|158/225 brn|[from] brn
|upkeep
|turn|18
|
|t:|1776980024
|move|p2a: Comfey|Calm Mind|p2a: Comfey
|-boost|p2a: Comfey|spa|1
|-boost|p2a: Comfey|spd|1
|move|p1a: Suicune|Calm Mind|p1a: Suicune
|-boost|p1a: Suicune|spa|1
|-boost|p1a: Suicune|spd|1
|
|-heal|p2a: Comfey|172/225 brn|[from] item: Leftovers
|-damage|p2a: Comfey|158/225 brn|[from] brn
|upkeep
|turn|19
|
|t:|1776980026
|move|p2a: Comfey|Giga Drain|p1a: Suicune
|-supereffective|p1a: Suicune
|-damage|p1a: Suicune|186/298
|-heal|p2a: Comfey|214/225 brn|[from] drain|[of] p1a: Suicune
|move|p1a: Suicune|Calm Mind|p1a: Suicune
|-boost|p1a: Suicune|spa|1
|-boost|p1a: Suicune|spd|1
|
|-heal|p2a: Comfey|225/225 brn|[from] item: Leftovers
|-heal|p1a: Suicune|204/298|[from] item: Leftovers
|-damage|p2a: Comfey|211/225 brn|[from] brn
|upkeep
|turn|20
|
|t:|1776980041
|move|p2a: Comfey|Stored Power|p1a: Suicune
|-damage|p1a: Suicune|32/298
|move|p1a: Suicune|Calm Mind|p1a: Suicune
|-boost|p1a: Suicune|spa|1
|-boost|p1a: Suicune|spd|1
|
|-heal|p2a: Comfey|225/225 brn|[from] item: Leftovers
|-heal|p1a: Suicune|50/298|[from] item: Leftovers
|-damage|p2a: Comfey|211/225 brn|[from] brn
|upkeep
|turn|21
|
|t:|1776980045
|move|p2a: Comfey|Giga Drain|p1a: Suicune
|-supereffective|p1a: Suicune
|-damage|p1a: Suicune|0 fnt
|-heal|p2a: Comfey|225/225 brn|[from] drain|[of] p1a: Suicune
|faint|p1a: Suicune
|
|-damage|p2a: Comfey|211/225 brn|[from] brn
|upkeep
|
|t:|1776980054
|switch|p1a: Corviknight|Corviknight, L80, M|288/288
|-ability|p1a: Corviknight|Pressure
|turn|22
|
|t:|1776980062
|-terastallize|p2a: Comfey|Poison
|move|p2a: Comfey|Stored Power|p1a: Corviknight
|-resisted|p1a: Corviknight
|-damage|p1a: Corviknight|0 fnt
|faint|p1a: Corviknight
|
|-heal|p2a: Comfey|225/225 brn|[from] item: Leftovers
|-damage|p2a: Comfey|211/225 brn|[from] brn
|upkeep
|
|t:|1776980074
|switch|p1a: Deoxys|Deoxys-Speed, L82|216/216
|-ability|p1a: Deoxys|Pressure
|turn|23
|
|t:|1776980082
|-terastallize|p1a: Deoxys|Dark
|move|p2a: Comfey|Draining Kiss|p1a: Deoxys
|-supereffective|p1a: Deoxys
|-damage|p1a: Deoxys|0 fnt
|-heal|p2a: Comfey|225/225 brn|[from] drain|[of] p1a: Deoxys
|faint|p1a: Deoxys
|
|-damage|p2a: Comfey|211/225 brn|[from] brn
|upkeep
|-message|ArminZjajo forfeited.
|
|win|JimothyTheSavage
|raw|ArminZjajo's rating: 1785 &rarr; <strong>1765</strong><br />(-20 for losing)
|raw|JimothyTheSavage's rating: 1788 &rarr; <strong>1808</strong><br />(+20 for winning)
|l|☆ArminZjajo
|player|p1|
