|j|☆wyattdenny
|j|☆Bsjsna
|t:|1772752277
|gametype|singles
|player|p1|wyattdenny|266|1212
|player|p2|Bsjsna|2|1250
|gen|9
|tier|[Gen 9] Random Battle
|rated|
|rule|Species Clause: Limit one of each Pokémon
|rule|HP Percentage Mod: HP is shown in percentages
|rule|Sleep Clause Mod: Limit one foe put to sleep
|rule|Illusion Level Mod: Illusion disguises the Pokémon's true level
|
|t:|1772752277
|teamsize|p1|6
|teamsize|p2|6
|start
|switch|p1a: Gliscor|Gliscor, L76, F|239/239
|switch|p2a: Hawlucha|Hawlucha, L80, F|256/256
|turn|1
|inactive|Battle timer is ON: inactive players will automatically lose when time's up. (requested by Bsjsna)
|
|t:|1772752296
|move|p2a: Hawlucha|Swords Dance|p2a: Hawlucha
|-boost|p2a: Hawlucha|atk|2
|move|p1a: Gliscor|Substitute|p1a: Gliscor
|-start|p1a: Gliscor|Substitute
|-damage|p1a: Gliscor|180/239
|
|-status|p1a: Gliscor|tox|[from] item: Toxic Orb
|upkeep
|turn|2
|
|t:|1772752311
|move|p2a: Hawlucha|Stone Edge|p1a: Gliscor
|-end|p1a: Gliscor|Substitute
|move|p1a: Gliscor|Earthquake|p2a: Hawlucha
|-immune|p2a: Hawlucha
|
|-heal|p1a: Gliscor|209/239 tox|[from] ability: Poison Heal
|upkeep
|turn|3
|
|t:|1772752320
|move|p1a: Gliscor|Protect|p1a: Gliscor
|-singleturn|p1a: Gliscor|Protect
|move|p2a: Hawlucha|Stone Edge|p1a: Gliscor
|-activate|p1a: Gliscor|move: Protect
|
|-heal|p1a: Gliscor|238/239 tox|[from] ability: Poison Heal
|upkeep
|turn|4
|
|t:|1772752331
|move|p2a: Hawlucha|Stone Edge|p1a: Gliscor
|-damage|p1a: Gliscor|135/239 tox
|move|p1a: Gliscor|Toxic|p2a: Hawlucha
|-status|p2a: Hawlucha|tox
|
|-damage|p2a: Hawlucha|240/256 tox|[from] psn
|-heal|p1a: Gliscor|164/239 tox|[from] ability: Poison Heal
|upkeep
|turn|5
|
|t:|1772752340
|move|p2a: Hawlucha|Swords Dance|p2a: Hawlucha
|-boost|p2a: Hawlucha|atk|2
|move|p1a: Gliscor|Substitute|p1a: Gliscor
|-start|p1a: Gliscor|Substitute
|-damage|p1a: Gliscor|105/239 tox
|
|-damage|p2a: Hawlucha|208/256 tox|[from] psn
|-heal|p1a: Gliscor|134/239 tox|[from] ability: Poison Heal
|upkeep
|turn|6
|
|t:|1772752352
|move|p1a: Gliscor|Protect|p1a: Gliscor
|-singleturn|p1a: Gliscor|Protect
|move|p2a: Hawlucha|Stone Edge|p1a: Gliscor
|-activate|p1a: Gliscor|move: Protect
|
|-damage|p2a: Hawlucha|160/256 tox|[from] psn
|-heal|p1a: Gliscor|163/239 tox|[from] ability: Poison Heal
|upkeep
|turn|7
|
|t:|1772752362
|move|p2a: Hawlucha|Stone Edge|p1a: Gliscor
|-end|p1a: Gliscor|Substitute
|move|p1a: Gliscor|Earthquake|p2a: Hawlucha
|-immune|p2a: Hawlucha
|
|-damage|p2a: Hawlucha|96/256 tox|[from] psn
|-heal|p1a: Gliscor|192/239 tox|[from] ability: Poison Heal
|upkeep
|turn|8
|
|t:|1772752372
|move|p1a: Gliscor|Protect|p1a: Gliscor
|-singleturn|p1a: Gliscor|Protect
|move|p2a: Hawlucha|Stone Edge|p1a: Gliscor
|-activate|p1a: Gliscor|move: Protect
|
|-damage|p2a: Hawlucha|16/256 tox|[from] psn
|-heal|p1a: Gliscor|221/239 tox|[from] ability: Poison Heal
|upkeep
|turn|9
|
|t:|1772752383
|move|p2a: Hawlucha|Close Combat|p1a: Gliscor
|-resisted|p1a: Gliscor
|-damage|p1a: Gliscor|69/239 tox
|-unboost|p2a: Hawlucha|def|1
|-unboost|p2a: Hawlucha|spd|1
|-enditem|p2a: Hawlucha|White Herb
|-clearnegativeboost|p2a: Hawlucha|[silent]
|move|p1a: Gliscor|Substitute|p1a: Gliscor
|-start|p1a: Gliscor|Substitute
|-damage|p1a: Gliscor|10/239 tox
|
|-damage|p2a: Hawlucha|0 fnt|[from] psn
|faint|p2a: Hawlucha
|-heal|p1a: Gliscor|39/239 tox|[from] ability: Poison Heal
|upkeep
|inactive|Bsjsna has 120 seconds left.
|
|t:|1772752414
|switch|p2a: Chansey|Chansey, L85, F|564/564
|turn|10
|
|t:|1772752422
|move|p1a: Gliscor|Toxic|p2a: Chansey
|-status|p2a: Chansey|tox
|move|p2a: Chansey|Seismic Toss|p1a: Gliscor
|-end|p1a: Gliscor|Substitute
|
|-heal|p1a: Gliscor|68/239 tox|[from] ability: Poison Heal
|-damage|p2a: Chansey|529/564 tox|[from] psn
|upkeep
|turn|11
|
|t:|1772752433
|move|p1a: Gliscor|Earthquake|p2a: Chansey
|-damage|p2a: Chansey|315/564 tox
|move|p2a: Chansey|Seismic Toss|p1a: Gliscor
|-damage|p1a: Gliscor|0 fnt
|faint|p1a: Gliscor
|
|-damage|p2a: Chansey|245/564 tox|[from] psn
|upkeep
|
|t:|1772752442
|switch|p1a: Breloom|Breloom, L83, M|235/235
|turn|12
|
|t:|1772752448
|move|p1a: Breloom|Swords Dance|p1a: Breloom
|-boost|p1a: Breloom|atk|2
|move|p2a: Chansey|Thunder Wave|p1a: Breloom
|-status|p1a: Breloom|par
|
|-damage|p2a: Chansey|140/564 tox|[from] psn
|upkeep
|turn|13
|inactive|Bsjsna has 120 seconds left.
|
|t:|1772752475
|-curestatus|p2a: Chansey|tox|[from] ability: Natural Cure
|switch|p2a: Hariyama|Hariyama, L87, F|392/392
|move|p1a: Breloom|Swords Dance|p1a: Breloom
|-boost|p1a: Breloom|atk|2
|
|upkeep
|turn|14
|
|t:|1772752483
|move|p2a: Hariyama|Knock Off|p1a: Breloom
|-resisted|p1a: Breloom
|-damage|p1a: Breloom|186/235 par
|-enditem|p1a: Breloom|Life Orb|[from] move: Knock Off|[of] p2a: Hariyama
|move|p1a: Breloom|Bullet Seed|p2a: Hariyama
|-damage|p2a: Hariyama|212/392
|-damage|p2a: Hariyama|31/392
|-damage|p2a: Hariyama|0 fnt
|faint|p2a: Hariyama
|-hitcount|p2: Hariyama|3
|
|upkeep
|inactive|Bsjsna has 120 seconds left.
|
|t:|1772752496
|switch|p2a: Dedenne|Dedenne, L88, F|261/261
|turn|15
|inactive|Bsjsna has 120 seconds left.
|
|t:|1772752507
|move|p2a: Dedenne|Dazzling Gleam|p1a: Breloom
|-supereffective|p1a: Breloom
|-damage|p1a: Breloom|0 fnt
|faint|p1a: Breloom
|
|upkeep
|
|t:|1772752513
|switch|p1a: Venomoth|Venomoth, L84, F|255/255
|turn|16
|
|t:|1772752525
|move|p2a: Dedenne|U-turn|p1a: Venomoth
|-resisted|p1a: Venomoth
|-damage|p1a: Venomoth|232/255
|
|t:|1772752533
|switch|p2a: Chansey|Chansey, L85, F|140/564|[from] U-turn
|move|p1a: Venomoth|Quiver Dance|p1a: Venomoth
|-boost|p1a: Venomoth|spa|1
|-boost|p1a: Venomoth|spd|1
|-boost|p1a: Venomoth|spe|1
|
|upkeep
|turn|17
|
|t:|1772752543
|move|p1a: Venomoth|Bug Buzz|p2a: Chansey
|-damage|p2a: Chansey|55/564
|move|p2a: Chansey|Soft-Boiled|p2a: Chansey
|-heal|p2a: Chansey|337/564
|
|upkeep
|turn|18
|
|t:|1772752549
|move|p1a: Venomoth|Sludge Wave|p2a: Chansey
|-damage|p2a: Chansey|250/564
|move|p2a: Chansey|Thunder Wave|p1a: Venomoth
|-status|p1a: Venomoth|par
|
|upkeep
|turn|19
|
|t:|1772752556
|cant|p1a: Venomoth|par
|move|p2a: Chansey|Stealth Rock|p1a: Venomoth
|-sidestart|p1: wyattdenny|move: Stealth Rock
|
|upkeep
|turn|20
|
|t:|1772752561
|move|p1a: Venomoth|Quiver Dance|p1a: Venomoth
|-boost|p1a: Venomoth|spa|1
|-boost|p1a: Venomoth|spd|1
|-boost|p1a: Venomoth|spe|1
|move|p2a: Chansey|Soft-Boiled|p2a: Chansey
|-heal|p2a: Chansey|532/564
|
|upkeep
|turn|21
|
|t:|1772752569
|cant|p1a: Venomoth|par
|move|p2a: Chansey|Seismic Toss|p1a: Venomoth
|-damage|p1a: Venomoth|147/255 par
|
|upkeep
|turn|22
|
|t:|1772752576
|move|p1a: Venomoth|Sludge Wave|p2a: Chansey
|-damage|p2a: Chansey|432/564
|move|p2a: Chansey|Seismic Toss|p1a: Venomoth
|-damage|p1a: Venomoth|62/255 par
|
|upkeep
|turn|23
|
|t:|1772752582
|move|p1a: Venomoth|Sleep Powder|p2a: Chansey
|-status|p2a: Chansey|slp|[from] move: Sleep Powder
|cant|p2a: Chansey|slp
|
|upkeep
|turn|24
|
|t:|1772752588
|cant|p1a: Venomoth|par
|-curestatus|p2a: Chansey|slp|[msg]
|move|p2a: Chansey|Seismic Toss|p1a: Venomoth
|-damage|p1a: Venomoth|0 fnt
|faint|p1a: Venomoth
|
|upkeep
|
|t:|1772752600
|switch|p1a: Ninetales|Ninetales-Alola, L78, M|242/242
|-damage|p1a: Ninetales|182/242|[from] Stealth Rock
|-weather|Snowscape|[from] ability: Snow Warning|[of] p1a: Ninetales
|turn|25
|
|t:|1772752609
|move|p1a: Ninetales|Blizzard|p2a: Chansey
|-damage|p2a: Chansey|383/564
|move|p2a: Chansey|Thunder Wave|p1a: Ninetales
|-status|p1a: Ninetales|par
|
|-weather|Snowscape|[upkeep]
|upkeep
|turn|26
|
|t:|1772752618
|move|p2a: Chansey|Soft-Boiled|p2a: Chansey
|-heal|p2a: Chansey|564/564
|move|p1a: Ninetales|Moonblast|p2a: Chansey
|-damage|p2a: Chansey|519/564
|
|-weather|Snowscape|[upkeep]
|upkeep
|turn|27
|
|t:|1772752626
|switch|p1a: Suicune|Suicune, L82|298/298
|-damage|p1a: Suicune|261/298|[from] Stealth Rock
|-ability|p1a: Suicune|Pressure
|move|p2a: Chansey|Seismic Toss|p1a: Suicune
|-damage|p1a: Suicune|176/298
|
|-weather|Snowscape|[upkeep]
|-heal|p1a: Suicune|194/298|[from] item: Leftovers
|upkeep
|turn|28
|
|t:|1772752637
|move|p1a: Suicune|Calm Mind|p1a: Suicune
|-boost|p1a: Suicune|spa|1
|-boost|p1a: Suicune|spd|1
|move|p2a: Chansey|Thunder Wave|p1a: Suicune
|-status|p1a: Suicune|par
|
|-weather|Snowscape|[upkeep]
|-heal|p1a: Suicune|212/298 par|[from] item: Leftovers
|upkeep
|turn|29
|
|t:|1772752648
|move|p2a: Chansey|Seismic Toss|p1a: Suicune
|-damage|p1a: Suicune|127/298 par
|cant|p1a: Suicune|par
|
|-weather|none
|-heal|p1a: Suicune|145/298 par|[from] item: Leftovers
|upkeep
|turn|30
|
|t:|1772752656
|move|p2a: Chansey|Seismic Toss|p1a: Suicune
|-damage|p1a: Suicune|60/298 par
|move|p1a: Suicune|Scald|p2a: Chansey
|-damage|p2a: Chansey|458/564
|
|-heal|p1a: Suicune|78/298 par|[from] item: Leftovers
|upkeep
|turn|31
|
|t:|1772752666
|move|p2a: Chansey|Seismic Toss|p1a: Suicune
|-damage|p1a: Suicune|0 fnt
|faint|p1a: Suicune
|
|upkeep
|
|t:|1772752672
|switch|p1a: Mabosstiff|Mabosstiff, L86, F|278/278
|-damage|p1a: Mabosstiff|244/278|[from] Stealth Rock
|turn|32
|
|t:|1772752682
|move|p1a: Mabosstiff|Crunch|p2a: Chansey
|-damage|p2a: Chansey|113/564
|move|p2a: Chansey|Thunder Wave|p1a: Mabosstiff
|-status|p1a: Mabosstiff|par
|
|upkeep
|turn|33
|
|t:|1772752694
|move|p2a: Chansey|Soft-Boiled|p2a: Chansey
|-heal|p2a: Chansey|395/564
|cant|p1a: Mabosstiff|par
|
|upkeep
|turn|34
|
|t:|1772752700
|move|p2a: Chansey|Seismic Toss|p1a: Mabosstiff
|-damage|p1a: Mabosstiff|159/278 par
|move|p1a: Mabosstiff|Crunch|p2a: Chansey
|-damage|p2a: Chansey|38/564
|-unboost|p2a: Chansey|def|1
|
|upkeep
|turn|35
|
|t:|1772752712
|switch|p2a: Dedenne|Dedenne, L88, F|261/261
|move|p1a: Mabosstiff|Crunch|p2a: Dedenne
|-resisted|p2a: Dedenne
|-damage|p2a: Dedenne|75/261
|-enditem|p2a: Dedenne|Sitrus Berry|[eat]
|-heal|p2a: Dedenne|140/261|[from] item: Sitrus Berry
|-heal|p2a: Dedenne|227/261|[from] ability: Cheek Pouch
|
|upkeep
|turn|36
|
|t:|1772752723
|move|p2a: Dedenne|Dazzling Gleam|p1a: Mabosstiff
|-supereffective|p1a: Mabosstiff
|-damage|p1a: Mabosstiff|0 fnt
|faint|p1a: Mabosstiff
|
|upkeep
|
|t:|1772752728
|switch|p1a: Ninetales|Ninetales-Alola, L78, M|182/242 par
|-damage|p1a: Ninetales|122/242 par|[from] Stealth Rock
|-weather|Snowscape|[from] ability: Snow Warning|[of] p1a: Ninetales
|turn|37
|c|☆wyattdenny|gg
|
|t:|1772752739
|move|p2a: Dedenne|Super Fang|p1a: Ninetales
|-damage|p1a: Ninetales|61/242 par
|cant|p1a: Ninetales|par
|
|-weather|Snowscape|[upkeep]
|upkeep
|turn|38
|
|t:|1772752748
|move|p2a: Dedenne|Thunderbolt|p1a: Ninetales
|-damage|p1a: Ninetales|0 fnt
|faint|p1a: Ninetales
|
|win|Bsjsna
|raw|wyattdenny's rating: 1212 &rarr; <strong>1190</strong><br />(-22 for losing)
|raw|Bsjsna's rating: 1250 &rarr; <strong>1272</strong><br />(+22 for winning)
