|j|☆3dtoaster
|j|☆batmanoftheboro
|t:|1776974563
|gametype|singles
|player|p1|3dtoaster|169|1467
|player|p2|batmanoftheboro|fisherman-gen4|1463
|gen|9
|tier|[Gen 9] Random Battle
|rated|
|rule|Species Clause: Limit one of each Pokémon
|rule|HP Percentage Mod: HP is shown in percentages
|rule|Sleep Clause Mod: Limit one foe put to sleep
|rule|Illusion Level Mod: Illusion disguises the Pokémon's true level
|
|t:|1776974563
|teamsize|p1|6
|teamsize|p2|6
|start
|switch|p1a: Shiftry|Shiftry, L89, F|305/305
|switch|p2a: Kricketune|Kricketune, L99, F|311/311
|turn|1
|inactive|Battle timer is ON: inactive players will automatically lose when time's up. (requested by 3dtoaster)
|
|t:|1776974576
|switch|p1a: Scovillain|Scovillain, L91, M|266/266
|move|p2a: Kricketune|Pounce|p1a: Scovillain
|-damage|p1a: Scovillain|146/266
|-unboost|p1a: Scovillain|spe|1
|
|upkeep
|turn|2
|
|t:|1776974585
|move|p2a: Kricketune|Sticky Web|p1a: Scovillain
|-sidestart|p1: 3dtoaster|move: Sticky Web
|move|p1a: Scovillain|Sunny Day|p1a: Scovillain
|-weather|SunnyDay
|
|-weather|SunnyDay|[upkeep]
|upkeep
|turn|3
|
|t:|1776974589
|move|p1a: Scovillain|Fire Blast|p2a: Kricketune|[miss]
|-miss|p1a: Scovillain|p2a: Kricketune
|move|p2a: Kricketune|Pounce|p1a: Scovillain
|-damage|p1a: Scovillain|38/266
|-unboost|p1a: Scovillain|spe|1
|
|-weather|SunnyDay|[upkeep]
|upkeep
|turn|4
|
|t:|1776974597
|move|p1a: Scovillain|Fire Blast|p2a: Kricketune
|-supereffective|p2a: Kricketune
|-enditem|p2a: Kricketune|Focus Sash
|-damage|p2a: Kricketune|1/311
|move|p2a: Kricketune|Knock Off|p1a: Scovillain
|-damage|p1a: Scovillain|0 fnt
|-enditem|p1a: Scovillain|Heavy-Duty Boots|[from] move: Knock Off|[of] p2a: Kricketune
|faint|p1a: Scovillain
|
|-weather|SunnyDay|[upkeep]
|upkeep
|
|t:|1776974603
|switch|p1a: Kleavor|Kleavor, L78, M|237/237
|-activate|p1a: Kleavor|move: Sticky Web
|-unboost|p1a: Kleavor|spe|1
|turn|5
|
|t:|1776974623
|switch|p2a: Wyrdeer|Wyrdeer, L87, F|321/321
|-ability|p2a: Wyrdeer|Intimidate|boost
|-unboost|p1a: Kleavor|atk|1
|move|p1a: Kleavor|Stone Axe|p2a: Wyrdeer|[miss]
|-miss|p1a: Kleavor|p2a: Wyrdeer
|
|-weather|SunnyDay|[upkeep]
|upkeep
|turn|6
|
|t:|1776974639
|move|p1a: Kleavor|Stone Axe|p2a: Wyrdeer
|-damage|p2a: Wyrdeer|239/321
|-sidestart|p2: batmanoftheboro|move: Stealth Rock
|move|p2a: Wyrdeer|Psychic Noise|p1a: Kleavor
|-damage|p1a: Kleavor|129/237
|-start|p1a: Kleavor|move: Heal Block
|
|-weather|none
|upkeep
|turn|7
|
|t:|1776974651
|switch|p1a: Shiftry|Shiftry, L89, F|305/305
|-activate|p1a: Shiftry|move: Sticky Web
|-unboost|p1a: Shiftry|spe|1
|move|p2a: Wyrdeer|Megahorn|p1a: Shiftry|[miss]
|-miss|p2a: Wyrdeer|p1a: Shiftry
|
|upkeep
|turn|8
|
|t:|1776974658
|-terastallize|p1a: Shiftry|Fighting
|move|p2a: Wyrdeer|Megahorn|p1a: Shiftry
|-resisted|p1a: Shiftry
|-damage|p1a: Shiftry|247/305
|move|p1a: Shiftry|Knock Off|p2a: Wyrdeer
|-supereffective|p2a: Wyrdeer
|-damage|p2a: Wyrdeer|0 fnt
|-enditem|p2a: Wyrdeer|Assault Vest|[from] move: Knock Off|[of] p1a: Shiftry
|faint|p2a: Wyrdeer
|-damage|p1a: Shiftry|217/305|[from] item: Life Orb
|
|upkeep
|inactive|batmanoftheboro has 120 seconds left.
|
|t:|1776974679
|switch|p2a: Mabosstiff|Mabosstiff, L86, M|278/278
|-damage|p2a: Mabosstiff|244/278|[from] Stealth Rock
|turn|9
|
|t:|1776974684
|move|p2a: Mabosstiff|Play Rough|p1a: Shiftry
|-supereffective|p1a: Shiftry
|-damage|p1a: Shiftry|0 fnt
|faint|p1a: Shiftry
|
|upkeep
|
|t:|1776974690
|switch|p1a: Seviper|Seviper, L93, F|287/287
|-activate|p1a: Seviper|move: Sticky Web
|-unboost|p1a: Seviper|spe|1
|turn|10
|
|t:|1776974705
|switch|p2a: Kricketune|Kricketune, L99, F|1/311
|-damage|p2a: Kricketune|0 fnt|[from] Stealth Rock
|faint|p2a: Kricketune
|move|p1a: Seviper|Gunk Shot|p2: Kricketune|[notarget]
|-fail|p1a: Seviper
|
|upkeep
|
|t:|1776974714
|switch|p2a: Mabosstiff|Mabosstiff, L86, M|244/278
|-damage|p2a: Mabosstiff|210/278|[from] Stealth Rock
|turn|11
|
|t:|1776974721
|move|p2a: Mabosstiff|Psychic Fangs|p1a: Seviper
|-supereffective|p1a: Seviper
|-damage|p1a: Seviper|25/287
|move|p1a: Seviper|Gunk Shot|p2a: Mabosstiff|[miss]
|-miss|p1a: Seviper|p2a: Mabosstiff
|
|upkeep
|turn|12
|
|t:|1776974730
|move|p2a: Mabosstiff|Psychic Fangs|p1a: Seviper
|-supereffective|p1a: Seviper
|-damage|p1a: Seviper|0 fnt
|faint|p1a: Seviper
|
|upkeep
|
|t:|1776974733
|switch|p1a: Luvdisc|Luvdisc, M|247/247
|turn|13
|
|t:|1776974746
|move|p1a: Luvdisc|Whirlpool|p2a: Mabosstiff
|-damage|p2a: Mabosstiff|179/278
|-activate|p2a: Mabosstiff|move: Whirlpool|[of] p1a: Luvdisc
|move|p2a: Mabosstiff|Psychic Fangs|p1a: Luvdisc
|-damage|p1a: Luvdisc|108/247
|
|-damage|p2a: Mabosstiff|145/278|[from] move: Whirlpool|[partiallytrapped]
|upkeep
|turn|14
|
|t:|1776974759
|move|p1a: Luvdisc|Substitute|p1a: Luvdisc
|-start|p1a: Luvdisc|Substitute
|-damage|p1a: Luvdisc|47/247
|move|p2a: Mabosstiff|Psychic Fangs|p1a: Luvdisc
|-end|p1a: Luvdisc|Substitute
|
|-damage|p2a: Mabosstiff|111/278|[from] move: Whirlpool|[partiallytrapped]
|upkeep
|turn|15
|
|t:|1776974769
|move|p1a: Luvdisc|Surf|p2a: Mabosstiff
|-damage|p2a: Mabosstiff|24/278
|move|p2a: Mabosstiff|Psychic Fangs|p1a: Luvdisc
|-damage|p1a: Luvdisc|0 fnt
|faint|p1a: Luvdisc
|
|-end|p2a: Mabosstiff|Whirlpool|[partiallytrapped]|[silent]
|upkeep
|
|t:|1776974774
|switch|p1a: Kleavor|Kleavor, L78, M|129/237
|-activate|p1a: Kleavor|move: Sticky Web
|-unboost|p1a: Kleavor|spe|1
|turn|16
|
|t:|1776974779
|move|p2a: Mabosstiff|Psychic Fangs|p1a: Kleavor
|-damage|p1a: Kleavor|20/237
|move|p1a: Kleavor|U-turn|p2a: Mabosstiff
|-supereffective|p2a: Mabosstiff
|-damage|p2a: Mabosstiff|0 fnt
|faint|p2a: Mabosstiff
|
|t:|1776974785
|switch|p1a: Crabominable|Crabominable, L90, M|321/321|[from] U-turn
|-activate|p1a: Crabominable|move: Sticky Web
|-unboost|p1a: Crabominable|spe|1
|
|upkeep
|
|t:|1776974792
|switch|p2a: Exeggutor|Exeggutor, L89, F|312/312
|-damage|p2a: Exeggutor|273/312|[from] Stealth Rock
|turn|17
|
|t:|1776974799
|-terastallize|p2a: Exeggutor|Steel
|move|p2a: Exeggutor|Psychic Noise|p1a: Crabominable
|-supereffective|p1a: Crabominable
|-damage|p1a: Crabominable|73/321
|-start|p1a: Crabominable|move: Heal Block
|move|p1a: Crabominable|Ice Hammer|p2a: Exeggutor|[miss]
|-miss|p1a: Crabominable|p2a: Exeggutor
|
|upkeep
|turn|18
|-message|3dtoaster forfeited.
|
|win|batmanoftheboro
|raw|3dtoaster's rating: 1467 &rarr; <strong>1447</strong><br />(-20 for losing)
|raw|batmanoftheboro's rating: 1463 &rarr; <strong>1483</strong><br />(+20 for winning)
|l|☆3dtoaster
|player|p1|
