|j|☆logande
|j|☆TheCalaca
|t:|1772751291
|gametype|singles
|player|p1|logande|hilda-wonderlauncher|1521
|player|p2|TheCalaca|veteran|1592
|gen|9
|tier|[Gen 9] Random Battle
|rated|
|rule|Species Clause: Limit one of each Pokémon
|rule|HP Percentage Mod: HP is shown in percentages
|rule|Sleep Clause Mod: Limit one foe put to sleep
|rule|Illusion Level Mod: Illusion disguises the Pokémon's true level
|
|t:|1772751291
|teamsize|p1|6
|teamsize|p2|6
|start
|switch|p1a: Hitmonchan|Hitmonchan, L87, M|229/229
|switch|p2a: Spidops|Spidops, L96, F|271/271
|turn|1
|inactive|Battle timer is ON: inactive players will automatically lose when time's up. (requested by logande)
|
|t:|1772751313
|move|p1a: Hitmonchan|Bulk Up|p1a: Hitmonchan
|-boost|p1a: Hitmonchan|atk|1
|-boost|p1a: Hitmonchan|def|1
|move|p2a: Spidops|Sticky Web|p1a: Hitmonchan
|-sidestart|p1: logande|move: Sticky Web
|
|upkeep
|turn|2
|
|t:|1772751321
|move|p1a: Hitmonchan|Bulk Up|p1a: Hitmonchan
|-boost|p1a: Hitmonchan|atk|1
|-boost|p1a: Hitmonchan|def|1
|move|p2a: Spidops|Circle Throw|p1a: Hitmonchan
|-damage|p1a: Hitmonchan|205/229
|drag|p1a: Roaring Moon|Roaring Moon, L72|270/270
|-activate|p1a: Roaring Moon|move: Sticky Web
|-unboost|p1a: Roaring Moon|spe|1
|
|upkeep
|turn|3
|
|t:|1772751334
|move|p1a: Roaring Moon|Knock Off|p2a: Spidops
|-damage|p2a: Spidops|184/271
|-enditem|p2a: Spidops|Heavy-Duty Boots|[from] move: Knock Off|[of] p1a: Roaring Moon
|move|p2a: Spidops|Knock Off|p1a: Roaring Moon
|-resisted|p1a: Roaring Moon
|-damage|p1a: Roaring Moon|214/270
|-enditem|p1a: Roaring Moon|Lum Berry|[from] move: Knock Off|[of] p2a: Spidops
|
|upkeep
|turn|4
|
|t:|1772751343
|move|p1a: Roaring Moon|Dragon Dance|p1a: Roaring Moon
|-boost|p1a: Roaring Moon|atk|1
|-boost|p1a: Roaring Moon|spe|1
|move|p2a: Spidops|Toxic Spikes|p1a: Roaring Moon
|-sidestart|p1: logande|move: Toxic Spikes
|
|upkeep
|turn|5
|
|t:|1772751352
|move|p1a: Roaring Moon|Dragon Dance|p1a: Roaring Moon
|-boost|p1a: Roaring Moon|atk|1
|-boost|p1a: Roaring Moon|spe|1
|move|p2a: Spidops|Circle Throw|p1a: Roaring Moon
|-supereffective|p1a: Roaring Moon
|-damage|p1a: Roaring Moon|94/270
|-end|p1a: Roaring Moon|Protosynthesis|[silent]
|drag|p1a: Pikachu|Pikachu-Original, L93, F|216/216
|-activate|p1a: Pikachu|move: Sticky Web
|-unboost|p1a: Pikachu|spe|1
|-status|p1a: Pikachu|psn
|
|-damage|p1a: Pikachu|189/216 psn|[from] psn
|upkeep
|turn|6
|
|t:|1772751364
|move|p1a: Pikachu|Fake Out|p2a: Spidops
|-damage|p2a: Spidops|144/271
|cant|p2a: Spidops|flinch
|
|-damage|p1a: Pikachu|162/216 psn|[from] psn
|upkeep
|turn|7
|
|t:|1772751370
|move|p1a: Pikachu|Volt Switch|p2a: Spidops
|-damage|p2a: Spidops|35/271
|
|t:|1772751381
|switch|p1a: Roaring Moon|Roaring Moon, L72|94/270|[from] Volt Switch
|-activate|p1a: Roaring Moon|move: Sticky Web
|-unboost|p1a: Roaring Moon|spe|1
|-status|p1a: Roaring Moon|psn
|move|p2a: Spidops|Knock Off|p1a: Roaring Moon
|-resisted|p1a: Roaring Moon
|-damage|p1a: Roaring Moon|26/270 psn
|
|-damage|p1a: Roaring Moon|0 fnt|[from] psn
|faint|p1a: Roaring Moon
|-end|p1a: Roaring Moon|Protosynthesis|[silent]
|upkeep
|
|t:|1772751387
|switch|p1a: Pikachu|Pikachu-Original, L93, F|162/216 psn
|-activate|p1a: Pikachu|move: Sticky Web
|-unboost|p1a: Pikachu|spe|1
|turn|8
|
|t:|1772751397
|move|p1a: Pikachu|Fake Out|p2a: Spidops
|-damage|p2a: Spidops|0 fnt
|faint|p2a: Spidops
|
|-damage|p1a: Pikachu|135/216 psn|[from] psn
|upkeep
|
|t:|1772751423
|switch|p2a: Donphan|Donphan, L84, M|288/288
|turn|9
|
|t:|1772751434
|move|p1a: Pikachu|Surf|p2a: Donphan
|-supereffective|p2a: Donphan
|-damage|p2a: Donphan|24/288
|move|p2a: Donphan|Earthquake|p1a: Pikachu
|-supereffective|p1a: Pikachu
|-damage|p1a: Pikachu|0 fnt
|faint|p1a: Pikachu
|
|upkeep
|
|t:|1772751457
|switch|p1a: Spidops|Spidops, L96, F|271/271
|turn|10
|
|t:|1772751479
|switch|p2a: Lycanroc|Lycanroc, L86, F|269/269
|move|p1a: Spidops|U-turn|p2a: Lycanroc
|-damage|p2a: Lycanroc|73/269
|
|t:|1772751491
|switch|p1a: Hitmonchan|Hitmonchan, L87, M|205/229|[from] U-turn
|-activate|p1a: Hitmonchan|move: Sticky Web
|-unboost|p1a: Hitmonchan|spe|1
|-status|p1a: Hitmonchan|psn
|
|-heal|p1a: Hitmonchan|219/229 psn|[from] item: Leftovers
|-damage|p1a: Hitmonchan|191/229 psn|[from] psn
|upkeep
|turn|11
|
|t:|1772751502
|move|p2a: Lycanroc|Close Combat|p1a: Hitmonchan
|-damage|p1a: Hitmonchan|44/229 psn
|-unboost|p2a: Lycanroc|def|1
|-unboost|p2a: Lycanroc|spd|1
|-damage|p2a: Lycanroc|47/269|[from] item: Life Orb
|move|p1a: Hitmonchan|Drain Punch|p2a: Lycanroc
|-supereffective|p2a: Lycanroc
|-damage|p2a: Lycanroc|0 fnt
|-heal|p1a: Hitmonchan|68/229 psn|[from] drain|[of] p2a: Lycanroc
|faint|p2a: Lycanroc
|
|-heal|p1a: Hitmonchan|82/229 psn|[from] item: Leftovers
|-damage|p1a: Hitmonchan|54/229 psn|[from] psn
|upkeep
|inactive|TheCalaca has 120 seconds left.
|
|t:|1772751533
|switch|p2a: Donphan|Donphan, L84, M|24/288
|turn|12
|
|t:|1772751544
|move|p2a: Donphan|Ice Spinner|p1a: Hitmonchan
|-damage|p1a: Hitmonchan|0 fnt
|faint|p1a: Hitmonchan
|
|upkeep
|
|t:|1772751557
|switch|p1a: Spidops|Spidops, L96, F|271/271
|turn|13
|
|t:|1772751559
|move|p2a: Donphan|Ice Spinner|p1a: Spidops
|-damage|p1a: Spidops|192/271
|move|p1a: Spidops|U-turn|p2a: Donphan
|-damage|p2a: Donphan|0 fnt
|faint|p2a: Donphan
|
|t:|1772751562
|switch|p1a: Cinderace|Cinderace, L77, M|250/250|[from] U-turn
|
|upkeep
|
|t:|1772751569
|switch|p2a: Sudowoodo|Sudowoodo, L94, F|284/284
|turn|14
|inactive|TheCalaca has 120 seconds left.
|inactive|logande has 120 seconds left.
|
|t:|1772751627
|move|p1a: Cinderace|Court Change|p1a: Cinderace
|-start|p1a: Cinderace|typechange|Normal|[from] ability: Libero
|-swapsideconditions
|-activate|p1a: Cinderace|move: Court Change
|move|p2a: Sudowoodo|Head Smash|p1a: Cinderace
|-damage|p1a: Cinderace|0 fnt
|faint|p1a: Cinderace
|
|upkeep
|
|t:|1772751636
|switch|p1a: Spidops|Spidops, L96, F|192/271
|turn|15
|
|t:|1772751646
|move|p1a: Spidops|Spikes|p2a: Sudowoodo
|-sidestart|p2: TheCalaca|Spikes
|move|p2a: Sudowoodo|Head Smash|p1a: Spidops
|-supereffective|p1a: Spidops
|-damage|p1a: Spidops|0 fnt
|faint|p1a: Spidops
|
|upkeep
|
|t:|1772751650
|switch|p1a: Baxcalibur|Baxcalibur, L75, F|295/295
|turn|16
|
|t:|1772751658
|-terastallize|p1a: Baxcalibur|Ground
|move|p1a: Baxcalibur|Earthquake|p2a: Sudowoodo
|-supereffective|p2a: Sudowoodo
|-crit|p2a: Sudowoodo
|-damage|p2a: Sudowoodo|0 fnt
|faint|p2a: Sudowoodo
|
|upkeep
|
|t:|1772751675
|switch|p2a: Forretress|Forretress, L84, M|263/263
|-activate|p2a: Forretress|move: Sticky Web
|-unboost|p2a: Forretress|spe|1
|-damage|p2a: Forretress|231/263|[from] Spikes
|turn|17
|inactive|logande has 120 seconds left.
|
|t:|1772751685
|move|p1a: Baxcalibur|Earthquake|p2a: Forretress
|-damage|p2a: Forretress|107/263
|move|p2a: Forretress|Rapid Spin|p1a: Baxcalibur
|-damage|p1a: Baxcalibur|257/295
|-boost|p2a: Forretress|spe|1
|-sideend|p2: TheCalaca|Spikes|[from] move: Rapid Spin|[of] p2a: Forretress
|-sideend|p2: TheCalaca|Toxic Spikes|[from] move: Rapid Spin|[of] p2a: Forretress
|-sideend|p2: TheCalaca|Sticky Web|[from] move: Rapid Spin|[of] p2a: Forretress
|
|-heal|p2a: Forretress|123/263|[from] item: Leftovers
|upkeep
|turn|18
|
|t:|1772751695
|move|p1a: Baxcalibur|Earthquake|p2a: Forretress
|-damage|p2a: Forretress|0 fnt
|faint|p2a: Forretress
|
|upkeep
|
|t:|1772751704
|switch|p2a: Regidrago|Regidrago, L77|435/435
|turn|19
|inactive|TheCalaca has 120 seconds left.
|
|t:|1772751744
|-terastallize|p2a: Regidrago|Dragon
|move|p2a: Regidrago|Outrage|p1a: Baxcalibur
|-damage|p1a: Baxcalibur|7/295
|move|p1a: Baxcalibur|Earthquake|p2a: Regidrago
|-damage|p2a: Regidrago|156/435
|
|upkeep
|turn|20
|inactive|TheCalaca has 120 seconds left.
|
|t:|1772751751
|move|p2a: Regidrago|Outrage|p1a: Baxcalibur|[from] lockedmove
|-damage|p1a: Baxcalibur|0 fnt
|faint|p1a: Baxcalibur
|-start|p2a: Regidrago|confusion|[fatigue]
|
|win|TheCalaca
|raw|logande's rating: 1521 &rarr; <strong>1505</strong><br />(-16 for losing)
|raw|TheCalaca's rating: 1592 &rarr; <strong>1608</strong><br />(+16 for winning)
|c|☆TheCalaca|gg
|l|☆logande
|player|p1|
