|j|☆juiced.long
|j|☆Igna_Lun
|t:|1776973510
|gametype|singles
|player|p1|juiced.long|chuck|1500
|player|p2|Igna_Lun|mira|1524
|gen|9
|tier|[Gen 9] Random Battle
|rated|
|rule|Species Clause: Limit one of each Pokémon
|rule|HP Percentage Mod: HP is shown in percentages
|rule|Sleep Clause Mod: Limit one foe put to sleep
|rule|Illusion Level Mod: Illusion disguises the Pokémon's true level
|
|t:|1776973510
|teamsize|p1|6
|teamsize|p2|6
|start
|switch|p1a: Magmortar|Magmortar, L88, F|275/275
|switch|p2a: Sneasler|Sneasler, L74, M|240/240
|turn|1
|inactive|Battle timer is ON: inactive players will automatically lose when time's up. (requested by juiced.long)
|
|t:|1776973525
|move|p2a: Sneasler|Dire Claw|p1a: Magmortar
|-damage|p1a: Magmortar|140/275
|-status|p2a: Sneasler|brn|[from] ability: Flame Body|[of] p1a: Magmortar
|move|p1a: Magmortar|Fire Blast|p2a: Sneasler
|-damage|p2a: Sneasler|41/240 brn
|
|-damage|p2a: Sneasler|26/240 brn|[from] brn
|upkeep
|turn|2
|
|t:|1776973534
|switch|p1a: Sudowoodo|Sudowoodo, L94, M|284/284
|move|p2a: Sneasler|Dire Claw|p1a: Sudowoodo
|-resisted|p1a: Sudowoodo
|-damage|p1a: Sudowoodo|262/284
|-status|p1a: Sudowoodo|slp
|
|-heal|p1a: Sudowoodo|279/284 slp|[from] item: Leftovers
|-damage|p2a: Sneasler|11/240 brn|[from] brn
|upkeep
|turn|3
|
|t:|1776973548
|switch|p2a: Cloyster|Cloyster, L80, M|211/211
|cant|p1a: Sudowoodo|slp
|
|-heal|p1a: Sudowoodo|284/284 slp|[from] item: Leftovers
|upkeep
|turn|4
|
|t:|1776973556
|move|p2a: Cloyster|Shell Smash|p2a: Cloyster
|-unboost|p2a: Cloyster|def|1
|-unboost|p2a: Cloyster|spd|1
|-boost|p2a: Cloyster|atk|2
|-boost|p2a: Cloyster|spa|2
|-boost|p2a: Cloyster|spe|2
|-enditem|p2a: Cloyster|White Herb
|-clearnegativeboost|p2a: Cloyster|[silent]
|cant|p1a: Sudowoodo|slp
|
|upkeep
|turn|5
|
|t:|1776973564
|-terastallize|p1a: Sudowoodo|Grass
|move|p2a: Cloyster|Hydro Pump|p1a: Sudowoodo
|-resisted|p1a: Sudowoodo
|-damage|p1a: Sudowoodo|171/284 slp
|-curestatus|p1a: Sudowoodo|slp|[msg]
|move|p1a: Sudowoodo|Wood Hammer|p2a: Cloyster
|-supereffective|p2a: Cloyster
|-damage|p2a: Cloyster|19/211
|
|-heal|p1a: Sudowoodo|188/284|[from] item: Leftovers
|upkeep
|turn|6
|
|t:|1776973575
|move|p1a: Sudowoodo|Sucker Punch|p2a: Cloyster
|-damage|p2a: Cloyster|0 fnt
|faint|p2a: Cloyster
|
|-heal|p1a: Sudowoodo|205/284|[from] item: Leftovers
|upkeep
|
|t:|1776973584
|switch|p2a: Iron Jugulis|Iron Jugulis, L77|271/271
|turn|7
|
|t:|1776973593
|move|p2a: Iron Jugulis|Fire Blast|p1a: Sudowoodo
|-supereffective|p1a: Sudowoodo
|-damage|p1a: Sudowoodo|0 fnt
|faint|p1a: Sudowoodo
|
|upkeep
|
|t:|1776973602
|switch|p1a: Baxcalibur|Baxcalibur, L75, M|295/295
|turn|8
|
|t:|1776973610
|move|p2a: Iron Jugulis|Fire Blast|p1a: Baxcalibur
|-damage|p1a: Baxcalibur|154/295
|-ability|p1a: Baxcalibur|Thermal Exchange|boost
|-boost|p1a: Baxcalibur|atk|1
|move|p1a: Baxcalibur|Scale Shot|p2a: Iron Jugulis
|-damage|p2a: Iron Jugulis|219/271
|-damage|p2a: Iron Jugulis|167/271
|-damage|p2a: Iron Jugulis|116/271
|-damage|p2a: Iron Jugulis|61/271
|-damage|p2a: Iron Jugulis|13/271
|-hitcount|p2a: Iron Jugulis|5
|-unboost|p1a: Baxcalibur|def|1
|-boost|p1a: Baxcalibur|spe|1
|
|upkeep
|turn|9
|
|t:|1776973625
|move|p1a: Baxcalibur|Icicle Spear|p2a: Iron Jugulis
|-supereffective|p2a: Iron Jugulis
|-damage|p2a: Iron Jugulis|0 fnt
|faint|p2a: Iron Jugulis
|-end|p2a: Iron Jugulis|Quark Drive|[silent]
|-hitcount|p2: Iron Jugulis|1
|
|upkeep
|
|t:|1776973635
|switch|p2a: Dondozo|Dondozo, L78, F|362/362
|turn|10
|
|t:|1776973643
|move|p1a: Baxcalibur|Scale Shot|p2a: Dondozo
|-damage|p2a: Dondozo|337/362
|-damage|p2a: Dondozo|310/362
|-damage|p2a: Dondozo|285/362
|-crit|p2a: Dondozo
|-damage|p2a: Dondozo|248/362
|-damage|p2a: Dondozo|223/362
|-hitcount|p2a: Dondozo|5
|-unboost|p1a: Baxcalibur|def|1
|-boost|p1a: Baxcalibur|spe|1
|move|p2a: Dondozo|Wave Crash|p1a: Baxcalibur
|-resisted|p1a: Baxcalibur
|-damage|p1a: Baxcalibur|98/295
|-damage|p2a: Dondozo|205/362|[from] Recoil
|
|-heal|p2a: Dondozo|227/362|[from] item: Leftovers
|upkeep
|turn|11
|
|t:|1776973664
|switch|p1a: Electivire|Electivire, L84, M|263/263
|move|p2a: Dondozo|Wave Crash|p1a: Electivire
|-damage|p1a: Electivire|136/263
|-damage|p2a: Dondozo|185/362|[from] Recoil
|
|-heal|p2a: Dondozo|207/362|[from] item: Leftovers
|upkeep
|turn|12
|
|t:|1776973674
|switch|p2a: Golem|Golem, L87, F|281/281
|move|p1a: Electivire|Supercell Slam|p2a: Golem
|-immune|p2a: Golem
|-damage|p1a: Electivire|5/263|[from] supercellslam
|
|upkeep
|turn|13
|
|t:|1776973689
|move|p1a: Electivire|Earthquake|p2a: Golem
|-supereffective|p2a: Golem
|-damage|p2a: Golem|135/281
|-damage|p1a: Electivire|0 fnt|[from] item: Life Orb
|faint|p1a: Electivire
|move|p2a: Golem|Stealth Rock|p1: Electivire
|-sidestart|p1: juiced.long|move: Stealth Rock
|
|upkeep
|
|t:|1776973697
|switch|p1a: Eiscue|Eiscue, L88, F|274/274
|-damage|p1a: Eiscue|206/274|[from] Stealth Rock
|turn|14
|
|t:|1776973708
|move|p1a: Eiscue|Belly Drum|p1a: Eiscue
|-damage|p1a: Eiscue|69/274
|-setboost|p1a: Eiscue|atk|6|[from] move: Belly Drum
|-enditem|p1a: Eiscue|Sitrus Berry|[eat]
|-heal|p1a: Eiscue|137/274|[from] item: Sitrus Berry
|move|p2a: Golem|Stone Edge|p1a: Eiscue
|-activate|p1a: Eiscue|ability: Ice Face
|-damage|p1a: Eiscue|137/274
|detailschange|p1a: Eiscue|Eiscue-Noice, L88, F
|
|upkeep
|turn|15
|
|t:|1776973720
|move|p1a: Eiscue|Liquidation|p2a: Golem
|-supereffective|p2a: Golem
|-damage|p2a: Golem|0 fnt
|faint|p2a: Golem
|
|upkeep
|
|t:|1776973725
|switch|p2a: Sneasler|Sneasler, L74, M|11/240 brn
|turn|16
|
|t:|1776973730
|move|p1a: Eiscue|Liquidation|p2a: Sneasler
|-damage|p2a: Sneasler|0 fnt
|faint|p2a: Sneasler
|
|upkeep
|
|t:|1776973736
|switch|p2a: Dondozo|Dondozo, L78, F|207/362
|turn|17
|
|t:|1776973741
|move|p1a: Eiscue|Zen Headbutt|p2a: Dondozo
|-damage|p2a: Dondozo|159/362
|cant|p2a: Dondozo|flinch
|
|-heal|p2a: Dondozo|181/362|[from] item: Leftovers
|upkeep
|turn|18
|
|t:|1776973748
|move|p1a: Eiscue|Zen Headbutt|p2a: Dondozo
|-damage|p2a: Dondozo|132/362
|move|p2a: Dondozo|Curse|p2a: Dondozo
|-unboost|p2a: Dondozo|spe|1
|-boost|p2a: Dondozo|atk|1
|-boost|p2a: Dondozo|def|1
|
|-heal|p2a: Dondozo|154/362|[from] item: Leftovers
|upkeep
|turn|19
|
|t:|1776973757
|move|p1a: Eiscue|Zen Headbutt|p2a: Dondozo
|-damage|p2a: Dondozo|121/362
|move|p2a: Dondozo|Curse|p2a: Dondozo
|-unboost|p2a: Dondozo|spe|1
|-boost|p2a: Dondozo|atk|1
|-boost|p2a: Dondozo|def|1
|
|-heal|p2a: Dondozo|143/362|[from] item: Leftovers
|upkeep
|turn|20
|
|t:|1776973766
|move|p1a: Eiscue|Zen Headbutt|p2a: Dondozo
|-damage|p2a: Dondozo|119/362
|move|p2a: Dondozo|Curse|p2a: Dondozo
|-unboost|p2a: Dondozo|spe|1
|-boost|p2a: Dondozo|atk|1
|-boost|p2a: Dondozo|def|1
|
|-heal|p2a: Dondozo|141/362|[from] item: Leftovers
|upkeep
|turn|21
|
|t:|1776973775
|move|p1a: Eiscue|Zen Headbutt|p2a: Dondozo
|-damage|p2a: Dondozo|120/362
|move|p2a: Dondozo|Curse|p2a: Dondozo
|-unboost|p2a: Dondozo|spe|1
|-boost|p2a: Dondozo|atk|1
|-boost|p2a: Dondozo|def|1
|
|-heal|p2a: Dondozo|142/362|[from] item: Leftovers
|upkeep
|turn|22
|
|t:|1776973784
|move|p1a: Eiscue|Zen Headbutt|p2a: Dondozo
|-damage|p2a: Dondozo|126/362
|move|p2a: Dondozo|Curse|p2a: Dondozo
|-unboost|p2a: Dondozo|spe|1
|-boost|p2a: Dondozo|atk|1
|-boost|p2a: Dondozo|def|1
|
|-heal|p2a: Dondozo|148/362|[from] item: Leftovers
|upkeep
|turn|23
|
|t:|1776973792
|move|p1a: Eiscue|Zen Headbutt|p2a: Dondozo
|-damage|p2a: Dondozo|133/362
|move|p2a: Dondozo|Curse|p2a: Dondozo
|-unboost|p2a: Dondozo|spe|1
|-boost|p2a: Dondozo|atk|1
|-boost|p2a: Dondozo|def|1
|
|-heal|p2a: Dondozo|155/362|[from] item: Leftovers
|upkeep
|turn|24
|
|t:|1776973800
|move|p1a: Eiscue|Zen Headbutt|p2a: Dondozo
|-damage|p2a: Dondozo|142/362
|move|p2a: Dondozo|Rest|p2a: Dondozo
|-status|p2a: Dondozo|slp|[from] move: Rest
|-heal|p2a: Dondozo|362/362 slp|[silent]
|
|upkeep
|turn|25
|
|t:|1776973807
|switch|p1a: Magmortar|Magmortar, L88, F|140/275
|cant|p2a: Dondozo|slp
|move|p2a: Dondozo|Sleep Talk|p2a: Dondozo
|move|p2a: Dondozo|Wave Crash|p1a: Magmortar|[from] move: Sleep Talk
|-supereffective|p1a: Magmortar
|-damage|p1a: Magmortar|0 fnt
|faint|p1a: Magmortar
|-damage|p2a: Dondozo|316/362 slp|[from] Recoil
|
|-heal|p2a: Dondozo|338/362 slp|[from] item: Leftovers
|upkeep
|
|t:|1776973810
|switch|p1a: Latias|Latias, L79, F|256/256
|-damage|p1a: Latias|224/256|[from] Stealth Rock
|turn|26
|
|t:|1776973821
|move|p1a: Latias|Calm Mind|p1a: Latias
|-boost|p1a: Latias|spa|1
|-boost|p1a: Latias|spd|1
|cant|p2a: Dondozo|slp
|move|p2a: Dondozo|Sleep Talk|p2a: Dondozo
|move|p2a: Dondozo|Curse|p2a: Dondozo|[from] move: Sleep Talk
|
|-heal|p2a: Dondozo|360/362 slp|[from] item: Leftovers
|upkeep
|turn|27
|
|t:|1776973830
|move|p1a: Latias|Draco Meteor|p2a: Dondozo|[miss]
|-miss|p1a: Latias|p2a: Dondozo
|-curestatus|p2a: Dondozo|slp|[msg]
|move|p2a: Dondozo|Wave Crash|p1a: Latias
|-resisted|p1a: Latias
|-damage|p1a: Latias|0 fnt
|faint|p1a: Latias
|-damage|p2a: Dondozo|286/362|[from] Recoil
|
|-heal|p2a: Dondozo|308/362|[from] item: Leftovers
|upkeep
|-message|juiced.long forfeited.
|
|win|Igna_Lun
|raw|juiced.long's rating: 1500 &rarr; <strong>1481</strong><br />(-19 for losing)
|raw|Igna_Lun's rating: 1524 &rarr; <strong>1543</strong><br />(+19 for winning)
|l|☆juiced.long
|player|p1|
