|j|☆Krystaps
|j|☆felipeesebastian
|t:|1776976378
|gametype|singles
|player|p1|Krystaps|lady-gen4|1267
|player|p2|felipeesebastian|ghetsis|1293
|gen|9
|tier|[Gen 9] Random Battle
|rated|
|rule|Species Clause: Limit one of each Pokémon
|rule|HP Percentage Mod: HP is shown in percentages
|rule|Sleep Clause Mod: Limit one foe put to sleep
|rule|Illusion Level Mod: Illusion disguises the Pokémon's true level
|
|t:|1776976378
|teamsize|p1|6
|teamsize|p2|6
|start
|switch|p1a: Oricorio|Oricorio-Pom-Pom, L82, M|257/257
|switch|p2a: Froslass|Froslass, L87, F|263/263
|turn|1
|inactive|Battle timer is ON: inactive players will automatically lose when time's up. (requested by felipeesebastian)
|inactive|Krystaps has 120 seconds left.
|
|t:|1776976415
|switch|p1a: Skarmory|Skarmory, L80, M|235/235
|move|p2a: Froslass|Triple Axel|p1a: Skarmory
|-damage|p1a: Skarmory|219/235
|-damage|p2a: Froslass|220/263|[from] item: Rocky Helmet|[of] p1a: Skarmory
|-damage|p1a: Skarmory|188/235
|-damage|p2a: Froslass|177/263|[from] item: Rocky Helmet|[of] p1a: Skarmory
|-damage|p1a: Skarmory|146/235
|-damage|p2a: Froslass|134/263|[from] item: Rocky Helmet|[of] p1a: Skarmory
|-hitcount|p1a: Skarmory|3
|
|upkeep
|turn|2
|
|t:|1776976425
|move|p2a: Froslass|Taunt|p1a: Skarmory
|-start|p1a: Skarmory|move: Taunt
|cant|p1a: Skarmory|move: Taunt|Stealth Rock
|
|upkeep
|turn|3
|
|t:|1776976454
|switch|p2a: Pikachu|Pikachu-Sinnoh, L93, M|216/216
|move|p1a: Skarmory|Body Press|p2a: Pikachu
|-damage|p2a: Pikachu|103/216
|
|upkeep
|turn|4
|
|t:|1776976470
|switch|p1a: Swampert|Swampert, L83, F|302/302
|move|p2a: Pikachu|Volt Switch|p1a: Swampert
|-immune|p1a: Swampert
|
|upkeep
|turn|5
|
|t:|1776976477
|switch|p2a: Slowking|Slowking, L88, M|310/310
|move|p1a: Swampert|Knock Off|p2a: Slowking
|-supereffective|p2a: Slowking
|-damage|p2a: Slowking|148/310
|-enditem|p2a: Slowking|Heavy-Duty Boots|[from] move: Knock Off|[of] p1a: Swampert
|
|upkeep
|turn|6
|inactive|felipeesebastian has 120 seconds left.
|
|t:|1776976504
|move|p1a: Swampert|Knock Off|p2a: Slowking
|-supereffective|p2a: Slowking
|-crit|p2a: Slowking
|-damage|p2a: Slowking|2/310
|move|p2a: Slowking|Future Sight|p1a: Swampert
|-start|p2a: Slowking|move: Future Sight
|
|upkeep
|turn|7
|
|t:|1776976514
|move|p1a: Swampert|Knock Off|p2a: Slowking
|-supereffective|p2a: Slowking
|-damage|p2a: Slowking|0 fnt
|faint|p2a: Slowking
|
|upkeep
|
|t:|1776976528
|switch|p2a: Mabosstiff|Mabosstiff, L86, F|278/278
|turn|8
|
|t:|1776976534
|move|p2a: Mabosstiff|Crunch|p1a: Swampert
|-damage|p1a: Swampert|206/302
|-unboost|p1a: Swampert|def|1
|move|p1a: Swampert|Yawn|p2a: Mabosstiff
|-start|p2a: Mabosstiff|move: Yawn|[of] p1a: Swampert
|
|-end|p1a: Swampert|move: Future Sight
|-damage|p1a: Swampert|68/302
|-heal|p1a: Swampert|86/302|[from] item: Leftovers
|upkeep
|turn|9
|
|t:|1776976552
|switch|p2a: Lucario|Lucario, L84, M|255/255
|switch|p1a: Skarmory|Skarmory, L80, M|146/235
|
|upkeep
|turn|10
|
|t:|1776976566
|move|p2a: Lucario|Close Combat|p1a: Skarmory
|-damage|p1a: Skarmory|0 fnt
|-unboost|p2a: Lucario|def|1
|-unboost|p2a: Lucario|spd|1
|-damage|p2a: Lucario|213/255|[from] item: Rocky Helmet|[of] p1a: Skarmory
|faint|p1a: Skarmory
|
|upkeep
|
|t:|1776976575
|switch|p1a: Oricorio|Oricorio-Pom-Pom, L82, M|257/257
|turn|11
|
|t:|1776976593
|switch|p2a: Zekrom|Zekrom, L71|259/259
|-ability|p2a: Zekrom|Teravolt
|move|p1a: Oricorio|Quiver Dance|p1a: Oricorio
|-boost|p1a: Oricorio|spa|1
|-boost|p1a: Oricorio|spd|1
|-boost|p1a: Oricorio|spe|1
|
|upkeep
|turn|12
|
|t:|1776976601
|-terastallize|p1a: Oricorio|Ground
|move|p1a: Oricorio|Revelation Dance|p2a: Zekrom
|-supereffective|p2a: Zekrom
|-damage|p2a: Zekrom|0 fnt
|faint|p2a: Zekrom
|
|upkeep
|
|t:|1776976611
|switch|p2a: Mabosstiff|Mabosstiff, L86, F|278/278
|turn|13
|
|t:|1776976617
|-terastallize|p2a: Mabosstiff|Fairy
|move|p1a: Oricorio|Revelation Dance|p2a: Mabosstiff
|-damage|p2a: Mabosstiff|130/278
|move|p2a: Mabosstiff|Play Rough|p1a: Oricorio
|-damage|p1a: Oricorio|122/257
|
|upkeep
|turn|14
|
|t:|1776976626
|move|p1a: Oricorio|Revelation Dance|p2a: Mabosstiff
|-damage|p2a: Mabosstiff|0 fnt
|faint|p2a: Mabosstiff
|
|upkeep
|
|t:|1776976628
|switch|p2a: Lucario|Lucario, L84, M|213/255
|turn|15
|
|t:|1776976630
|move|p2a: Lucario|Extreme Speed|p1a: Oricorio
|-damage|p1a: Oricorio|8/257
|move|p1a: Oricorio|Revelation Dance|p2a: Lucario
|-supereffective|p2a: Lucario
|-damage|p2a: Lucario|0 fnt
|faint|p2a: Lucario
|
|upkeep
|
|t:|1776976634
|switch|p2a: Froslass|Froslass, L87, F|134/263
|turn|16
|
|t:|1776976635
|move|p1a: Oricorio|Revelation Dance|p2a: Froslass
|-damage|p2a: Froslass|0 fnt
|faint|p2a: Froslass
|
|upkeep
|
|t:|1776976637
|switch|p2a: Pikachu|Pikachu-Sinnoh, L93, M|103/216
|turn|17
|
|t:|1776976638
|move|p1a: Oricorio|Revelation Dance|p2a: Pikachu
|-supereffective|p2a: Pikachu
|-damage|p2a: Pikachu|0 fnt
|faint|p2a: Pikachu
|
|win|Krystaps
|raw|Krystaps's rating: 1267 &rarr; <strong>1294</strong><br />(+27 for winning)
|raw|felipeesebastian's rating: 1293 &rarr; <strong>1266</strong><br />(-27 for losing)
|l|☆felipeesebastian
|player|p2|
