|j|☆potty111live.ca
|j|☆m0untaineer
|t:|1776979714
|gametype|singles
|player|p1|potty111live.ca|265|1783
|player|p2|m0untaineer|266|1809
|gen|9
|tier|[Gen 9] Random Battle
|rated|
|rule|Species Clause: Limit one of each Pokémon
|rule|HP Percentage Mod: HP is shown in percentages
|rule|Sleep Clause Mod: Limit one foe put to sleep
|rule|Illusion Level Mod: Illusion disguises the Pokémon's true level
|
|t:|1776979714
|teamsize|p1|6
|teamsize|p2|6
|start
|switch|p1a: Registeel|Registeel, L81|262/262
|switch|p2a: Inteleon|Inteleon, L81, M|246/246
|turn|1
|
|t:|1776979741
|move|p2a: Inteleon|U-turn|p1a: Registeel
|-resisted|p1a: Registeel
|-damage|p1a: Registeel|246/262
|
|t:|1776979751
|switch|p2a: Spectrier|Spectrier, L75|274/274|[from] U-turn
|move|p1a: Registeel|Thunder Wave|p2a: Spectrier
|-status|p2a: Spectrier|par
|
|-heal|p1a: Registeel|262/262|[from] item: Leftovers
|upkeep
|turn|2
|
|t:|1776979769
|switch|p1a: Walking Wake|Walking Wake, L79|286/286
|move|p2a: Spectrier|Substitute|p2a: Spectrier
|-start|p2a: Spectrier|Substitute
|-damage|p2a: Spectrier|206/274 par
|
|-heal|p2a: Spectrier|223/274 par|[from] item: Leftovers
|upkeep
|turn|3
|
|t:|1776979778
|move|p1a: Walking Wake|Flamethrower|p2a: Spectrier
|-end|p2a: Spectrier|Substitute
|-damage|p1a: Walking Wake|258/286|[from] item: Life Orb
|move|p2a: Spectrier|Draining Kiss|p1a: Walking Wake
|-supereffective|p1a: Walking Wake
|-damage|p1a: Walking Wake|162/286
|-heal|p2a: Spectrier|274/274 par|[from] drain|[of] p1a: Walking Wake
|
|upkeep
|turn|4
|
|t:|1776979786
|switch|p2a: Inteleon|Inteleon, L81, M|246/246
|move|p1a: Walking Wake|Sunny Day|p1a: Walking Wake
|-weather|SunnyDay
|-activate|p1a: Walking Wake|ability: Protosynthesis
|-start|p1a: Walking Wake|protosynthesisspa
|
|-weather|SunnyDay|[upkeep]
|upkeep
|turn|5
|
|t:|1776979797
|move|p2a: Inteleon|U-turn|p1a: Walking Wake
|-damage|p1a: Walking Wake|116/286
|
|t:|1776979799
|switch|p2a: Muk|Muk, L86, F|321/321|[from] U-turn
|move|p1a: Walking Wake|Draco Meteor|p2a: Muk
|-damage|p2a: Muk|177/321
|-unboost|p1a: Walking Wake|spa|2
|-damage|p1a: Walking Wake|88/286|[from] item: Life Orb
|
|-weather|SunnyDay|[upkeep]
|upkeep
|turn|6
|
|t:|1776979811
|move|p1a: Walking Wake|Flamethrower|p2a: Muk
|-crit|p2a: Muk
|-damage|p2a: Muk|12/321
|-damage|p1a: Walking Wake|60/286|[from] item: Life Orb
|move|p2a: Muk|Knock Off|p1a: Walking Wake
|-damage|p1a: Walking Wake|0 fnt
|-enditem|p1a: Walking Wake|Life Orb|[from] move: Knock Off|[of] p2a: Muk
|faint|p1a: Walking Wake
|-end|p1a: Walking Wake|Protosynthesis|[silent]
|
|-weather|SunnyDay|[upkeep]
|upkeep
|
|t:|1776979831
|switch|p1a: Beartic|Beartic, L91, M|321/321
|turn|7
|
|t:|1776979847
|move|p2a: Muk|Shadow Sneak|p1a: Beartic
|-damage|p1a: Beartic|290/321
|move|p1a: Beartic|Earthquake|p2a: Muk
|-supereffective|p2a: Muk
|-damage|p2a: Muk|0 fnt
|faint|p2a: Muk
|
|-weather|SunnyDay|[upkeep]
|upkeep
|
|t:|1776979852
|switch|p2a: Avalugg|Avalugg, L88, M|310/310
|turn|8
|
|t:|1776979861
|move|p1a: Beartic|Close Combat|p2a: Avalugg
|-supereffective|p2a: Avalugg
|-damage|p2a: Avalugg|186/310
|-unboost|p1a: Beartic|def|1
|-unboost|p1a: Beartic|spd|1
|move|p2a: Avalugg|Rapid Spin|p1a: Beartic
|-damage|p1a: Beartic|217/321
|-boost|p2a: Avalugg|spe|1
|
|-weather|none
|upkeep
|turn|9
|
|t:|1776979871
|move|p2a: Avalugg|Body Press|p1a: Beartic
|-supereffective|p1a: Beartic
|-damage|p1a: Beartic|0 fnt
|faint|p1a: Beartic
|
|upkeep
|
|t:|1776979877
|switch|p1a: Conkeldurr|Conkeldurr, L80, M|299/299
|turn|10
|
|t:|1776979889
|move|p2a: Avalugg|Recover|p2a: Avalugg
|-heal|p2a: Avalugg|310/310
|move|p1a: Conkeldurr|Close Combat|p2a: Avalugg
|-supereffective|p2a: Avalugg
|-damage|p2a: Avalugg|130/310
|-unboost|p1a: Conkeldurr|def|1
|-unboost|p1a: Conkeldurr|spd|1
|
|-status|p1a: Conkeldurr|brn|[from] item: Flame Orb
|upkeep
|turn|11
|
|t:|1776979901
|move|p2a: Avalugg|Recover|p2a: Avalugg
|-heal|p2a: Avalugg|285/310
|move|p1a: Conkeldurr|Close Combat|p2a: Avalugg
|-supereffective|p2a: Avalugg
|-damage|p2a: Avalugg|57/310
|-unboost|p1a: Conkeldurr|def|1
|-unboost|p1a: Conkeldurr|spd|1
|
|-damage|p1a: Conkeldurr|281/299 brn|[from] brn
|upkeep
|turn|12
|
|t:|1776979928
|switch|p2a: Spectrier|Spectrier, L75|274/274 par
|move|p1a: Conkeldurr|Mach Punch|p2a: Spectrier
|-immune|p2a: Spectrier
|
|-damage|p1a: Conkeldurr|263/299 brn|[from] brn
|upkeep
|turn|13
|
|t:|1776979938
|switch|p1a: Gliscor|Gliscor, L76, M|239/239
|move|p2a: Spectrier|Shadow Ball|p1a: Gliscor
|-damage|p1a: Gliscor|130/239
|-unboost|p1a: Gliscor|spd|1
|
|-status|p1a: Gliscor|tox|[from] item: Toxic Orb
|upkeep
|turn|14
|
|t:|1776979959
|switch|p1a: Heracross|Heracross, L80, F|259/259
|move|p2a: Spectrier|Nasty Plot|p2a: Spectrier
|-boost|p2a: Spectrier|spa|2
|
|upkeep
|turn|15
|
|t:|1776979972
|move|p1a: Heracross|Earthquake|p2a: Spectrier
|-damage|p2a: Spectrier|166/274 par
|cant|p2a: Spectrier|par
|
|-heal|p2a: Spectrier|183/274 par|[from] item: Leftovers
|upkeep
|turn|16
|
|t:|1776979983
|switch|p1a: Registeel|Registeel, L81|262/262
|move|p2a: Spectrier|Draining Kiss|p1a: Registeel
|-resisted|p1a: Registeel
|-damage|p1a: Registeel|234/262
|-heal|p2a: Spectrier|204/274 par|[from] drain|[of] p1a: Registeel
|
|-heal|p1a: Registeel|250/262|[from] item: Leftovers
|-heal|p2a: Spectrier|221/274 par|[from] item: Leftovers
|upkeep
|turn|17
|
|t:|1776980010
|move|p1a: Registeel|Iron Head|p2a: Spectrier
|-damage|p2a: Spectrier|127/274 par
|cant|p2a: Spectrier|flinch
|
|-heal|p1a: Registeel|262/262|[from] item: Leftovers
|-heal|p2a: Spectrier|144/274 par|[from] item: Leftovers
|upkeep
|turn|18
|
|t:|1776980016
|move|p1a: Registeel|Iron Head|p2a: Spectrier
|-damage|p2a: Spectrier|51/274 par
|cant|p2a: Spectrier|par
|
|-heal|p2a: Spectrier|68/274 par|[from] item: Leftovers
|upkeep
|turn|19
|
|t:|1776980023
|switch|p2a: Inteleon|Inteleon, L81, M|246/246
|move|p1a: Registeel|Iron Head|p2a: Inteleon
|-resisted|p2a: Inteleon
|-damage|p2a: Inteleon|203/246
|
|upkeep
|turn|20
|
|t:|1776980050
|move|p2a: Inteleon|Scald|p1a: Registeel
|-damage|p1a: Registeel|168/262
|move|p1a: Registeel|Thunder Wave|p2a: Inteleon
|-status|p2a: Inteleon|par
|
|-heal|p1a: Registeel|184/262|[from] item: Leftovers
|upkeep
|turn|21
|
|t:|1776980061
|move|p1a: Registeel|Iron Defense|p1a: Registeel
|-boost|p1a: Registeel|def|2
|cant|p2a: Inteleon|par
|
|-heal|p1a: Registeel|200/262|[from] item: Leftovers
|upkeep
|turn|22
|
|t:|1776980067
|move|p1a: Registeel|Body Press|p2a: Inteleon
|-crit|p2a: Inteleon
|-damage|p2a: Inteleon|0 fnt
|faint|p2a: Inteleon
|
|-heal|p1a: Registeel|216/262|[from] item: Leftovers
|upkeep
|
|t:|1776980071
|switch|p2a: Iron Jugulis|Iron Jugulis, L77|271/271
|turn|23
|
|t:|1776980075
|move|p2a: Iron Jugulis|Fire Blast|p1a: Registeel
|-supereffective|p1a: Registeel
|-crit|p1a: Registeel
|-damage|p1a: Registeel|0 fnt
|faint|p1a: Registeel
|
|upkeep
|
|t:|1776980096
|switch|p1a: Conkeldurr|Conkeldurr, L80, M|263/299 brn
|turn|24
|
|t:|1776980103
|-end|p2a: Iron Jugulis|Quark Drive|[silent]
|switch|p2a: Spectrier|Spectrier, L75|68/274 par
|move|p1a: Conkeldurr|Facade|p2a: Spectrier
|-immune|p2a: Spectrier
|
|-heal|p2a: Spectrier|85/274 par|[from] item: Leftovers
|-damage|p1a: Conkeldurr|245/299 brn|[from] brn
|upkeep
|turn|25
|
|t:|1776980112
|move|p2a: Spectrier|Draining Kiss|p1a: Conkeldurr
|-supereffective|p1a: Conkeldurr
|-damage|p1a: Conkeldurr|143/299 brn
|-heal|p2a: Spectrier|162/274 par|[from] drain|[of] p1a: Conkeldurr
|move|p1a: Conkeldurr|Knock Off|p2a: Spectrier
|-supereffective|p2a: Spectrier
|-damage|p2a: Spectrier|0 fnt
|-enditem|p2a: Spectrier|Leftovers|[from] move: Knock Off|[of] p1a: Conkeldurr
|faint|p2a: Spectrier
|
|-damage|p1a: Conkeldurr|125/299 brn|[from] brn
|upkeep
|
|t:|1776980124
|switch|p2a: Bombirdier|Bombirdier, L85, F|258/258
|turn|26
|
|t:|1776980132
|move|p1a: Conkeldurr|Mach Punch|p2a: Bombirdier
|-damage|p2a: Bombirdier|180/258
|move|p2a: Bombirdier|Brave Bird|p1a: Conkeldurr
|-supereffective|p1a: Conkeldurr
|-damage|p1a: Conkeldurr|0 fnt
|faint|p1a: Conkeldurr
|-damage|p2a: Bombirdier|139/258|[from] Recoil
|
|upkeep
|
|t:|1776980146
|switch|p1a: Gliscor|Gliscor, L76, M|130/239 tox
|turn|27
|
|t:|1776980152
|move|p1a: Gliscor|Protect|p1a: Gliscor
|-singleturn|p1a: Gliscor|Protect
|move|p2a: Bombirdier|Roost|p2a: Bombirdier
|-heal|p2a: Bombirdier|258/258
|-singleturn|p2a: Bombirdier|move: Roost
|
|-heal|p1a: Gliscor|159/239 tox|[from] ability: Poison Heal
|upkeep
|turn|28
|
|t:|1776980163
|move|p1a: Gliscor|Toxic|p2a: Bombirdier|[miss]
|-miss|p1a: Gliscor|p2a: Bombirdier
|move|p2a: Bombirdier|Brave Bird|p1a: Gliscor
|-damage|p1a: Gliscor|38/239 tox
|-damage|p2a: Bombirdier|218/258|[from] Recoil
|
|-heal|p1a: Gliscor|67/239 tox|[from] ability: Poison Heal
|upkeep
|turn|29
|
|t:|1776980173
|move|p1a: Gliscor|Protect|p1a: Gliscor
|-singleturn|p1a: Gliscor|Protect
|move|p2a: Bombirdier|Brave Bird|p1a: Gliscor
|-activate|p1a: Gliscor|move: Protect
|
|-heal|p1a: Gliscor|96/239 tox|[from] ability: Poison Heal
|upkeep
|turn|30
|
|t:|1776980183
|move|p1a: Gliscor|Toxic|p2a: Bombirdier
|-status|p2a: Bombirdier|tox
|move|p2a: Bombirdier|Brave Bird|p1a: Gliscor
|-damage|p1a: Gliscor|0 fnt
|faint|p1a: Gliscor
|-damage|p2a: Bombirdier|186/258 tox|[from] Recoil
|
|-damage|p2a: Bombirdier|170/258 tox|[from] psn
|upkeep
|
|t:|1776980192
|switch|p1a: Heracross|Heracross, L80, F|259/259
|turn|31
|
|t:|1776980202
|switch|p2a: Avalugg|Avalugg, L88, M|57/310
|move|p1a: Heracross|Stone Edge|p2a: Avalugg
|-supereffective|p2a: Avalugg
|-damage|p2a: Avalugg|0 fnt
|faint|p2a: Avalugg
|-ability|p1a: Heracross|Moxie|boost
|-boost|p1a: Heracross|atk|1
|
|upkeep
|
|t:|1776980213
|switch|p2a: Iron Jugulis|Iron Jugulis, L77|271/271
|turn|32
|
|t:|1776980221
|-terastallize|p1a: Heracross|Fighting
|move|p1a: Heracross|Stone Edge|p2a: Iron Jugulis|[miss]
|-miss|p1a: Heracross|p2a: Iron Jugulis
|move|p2a: Iron Jugulis|Hurricane|p1a: Heracross
|-supereffective|p1a: Heracross
|-damage|p1a: Heracross|0 fnt
|faint|p1a: Heracross
|
|win|m0untaineer
|raw|potty111live.ca's rating: 1783 &rarr; <strong>1764</strong><br />(-19 for losing)
|raw|m0untaineer's rating: 1809 &rarr; <strong>1828</strong><br />(+19 for winning)
