|j|☆kahdhsjsj
|j|☆Dkjdbsjsjdjs
|t:|1772752450
|gametype|singles
|player|p1|kahdhsjsj|266|1000
|player|p2|Dkjdbsjsjdjs|2|1000
|gen|9
|tier|[Gen 9] Random Battle
|rated|
|rule|Species Clause: Limit one of each Pokémon
|rule|HP Percentage Mod: HP is shown in percentages
|rule|Sleep Clause Mod: Limit one foe put to sleep
|rule|Illusion Level Mod: Illusion disguises the Pokémon's true level
|
|t:|1772752450
|teamsize|p1|6
|teamsize|p2|6
|start
|switch|p1a: Tropius|Tropius, L91, F|328/328
|switch|p2a: Ting-Lu|Ting-Lu, L78|370/370
|-ability|p2a: Ting-Lu|Vessel of Ruin
|turn|1
|inactive|Battle timer is ON: inactive players will automatically lose when time's up. (requested by Dkjdbsjsjdjs)
|
|t:|1772752478
|move|p1a: Tropius|Dragon Dance|p1a: Tropius
|-boost|p1a: Tropius|atk|1
|-boost|p1a: Tropius|spe|1
|move|p2a: Ting-Lu|Spikes|p1a: Tropius
|-sidestart|p1: kahdhsjsj|Spikes
|
|upkeep
|turn|2
|
|t:|1772752489
|switch|p2a: Glastrier|Glastrier, L86|311/311
|move|p1a: Tropius|Leaf Blade|p2a: Glastrier
|-damage|p2a: Glastrier|221/311
|
|upkeep
|turn|3
|
|t:|1772752504
|move|p1a: Tropius|Dual Wingbeat|p2a: Glastrier
|-damage|p2a: Glastrier|181/311
|-damage|p2a: Glastrier|136/311
|-hitcount|p2a: Glastrier|2
|move|p2a: Glastrier|Icicle Crash|p1a: Tropius
|-supereffective|p1a: Tropius
|-damage|p1a: Tropius|0 fnt
|faint|p1a: Tropius
|-ability|p2a: Glastrier|Chilling Neigh|boost
|-boost|p2a: Glastrier|atk|1
|
|upkeep
|
|t:|1772752514
|switch|p1a: Houndoom|Houndoom, L87, F|272/272
|turn|4
|
|t:|1772752522
|switch|p2a: Kingdra|Kingdra, L84, F|263/263
|move|p1a: Houndoom|Fire Blast|p2a: Kingdra
|-resisted|p2a: Kingdra
|-damage|p2a: Kingdra|230/263
|
|upkeep
|turn|5
|
|t:|1772752530
|move|p1a: Houndoom|Sludge Bomb|p2a: Kingdra
|-damage|p2a: Kingdra|164/263
|move|p2a: Kingdra|Dragon Dance|p2a: Kingdra
|-boost|p2a: Kingdra|atk|1
|-boost|p2a: Kingdra|spe|1
|
|upkeep
|turn|6
|
|t:|1772752536
|move|p2a: Kingdra|Wave Crash|p1a: Houndoom
|-supereffective|p1a: Houndoom
|-damage|p1a: Houndoom|0 fnt
|faint|p1a: Houndoom
|-damage|p2a: Kingdra|74/263|[from] Recoil
|
|upkeep
|
|t:|1772752540
|switch|p1a: Klefki|Klefki, L84, M|233/233
|-damage|p1a: Klefki|204/233|[from] Spikes
|turn|7
|
|t:|1772752546
|move|p1a: Klefki|Thunder Wave|p2a: Kingdra
|-status|p2a: Kingdra|par
|-enditem|p2a: Kingdra|Lum Berry|[eat]
|-curestatus|p2a: Kingdra|par|[msg]
|move|p2a: Kingdra|Wave Crash|p1a: Klefki
|-damage|p1a: Klefki|30/233
|-damage|p2a: Kingdra|17/263|[from] Recoil
|
|-heal|p1a: Klefki|44/233|[from] item: Leftovers
|upkeep
|turn|8
|
|t:|1772752556
|move|p1a: Klefki|Thunder Wave|p2a: Kingdra
|-status|p2a: Kingdra|par
|move|p2a: Kingdra|Wave Crash|p1a: Klefki
|-damage|p1a: Klefki|0 fnt
|faint|p1a: Klefki
|-damage|p2a: Kingdra|2/263 par|[from] Recoil
|
|upkeep
|
|t:|1772752561
|switch|p1a: Hypno|Hypno, L95, M|315/315
|-damage|p1a: Hypno|276/315|[from] Spikes
|turn|9
|
|t:|1772752566
|switch|p2a: Iron Jugulis|Iron Jugulis, L77|271/271
|move|p1a: Hypno|Protect||[still]
|-fail|p1a: Hypno
|
|-heal|p1a: Hypno|295/315|[from] item: Leftovers
|upkeep
|turn|10
|
|t:|1772752575
|-terastallize|p1a: Hypno|Dark
|move|p2a: Iron Jugulis|Meteor Beam||[still]
|-prepare|p2a: Iron Jugulis|Meteor Beam
|-boost|p2a: Iron Jugulis|spa|1
|-enditem|p2a: Iron Jugulis|Power Herb
|-anim|p2a: Iron Jugulis|Meteor Beam|p1a: Hypno
|-damage|p1a: Hypno|197/315
|move|p1a: Hypno|Toxic|p2a: Iron Jugulis
|-status|p2a: Iron Jugulis|tox
|
|-heal|p1a: Hypno|216/315|[from] item: Leftovers
|-damage|p2a: Iron Jugulis|255/271 tox|[from] psn
|upkeep
|turn|11
|
|t:|1772752595
|-end|p2a: Iron Jugulis|Quark Drive|[silent]
|switch|p2a: Ursaring|Ursaring, L84, F|288/288
|move|p1a: Hypno|Focus Blast|p2a: Ursaring
|-supereffective|p2a: Ursaring
|-damage|p2a: Ursaring|150/288
|-unboost|p2a: Ursaring|spd|1
|
|-heal|p1a: Hypno|235/315|[from] item: Leftovers
|upkeep
|turn|12
|
|t:|1772752607
|switch|p2a: Toxapex|Toxapex, L82, F|216/216
|move|p1a: Hypno|Focus Blast|p2a: Toxapex|[miss]
|-miss|p1a: Hypno|p2a: Toxapex
|
|-heal|p1a: Hypno|254/315|[from] item: Leftovers
|upkeep
|turn|13
|
|t:|1772752616
|switch|p2a: Ting-Lu|Ting-Lu, L78|370/370
|-ability|p2a: Ting-Lu|Vessel of Ruin
|move|p1a: Hypno|Psychic Noise|p2a: Ting-Lu
|-immune|p2a: Ting-Lu
|
|-heal|p1a: Hypno|273/315|[from] item: Leftovers
|upkeep
|turn|14
|
|t:|1772752627
|move|p1a: Hypno|Toxic|p2a: Ting-Lu
|-status|p2a: Ting-Lu|tox
|move|p2a: Ting-Lu|Earthquake|p1a: Hypno
|-damage|p1a: Hypno|162/315
|
|-heal|p1a: Hypno|181/315|[from] item: Leftovers
|-damage|p2a: Ting-Lu|347/370 tox|[from] psn
|upkeep
|turn|15
|
|t:|1772752638
|switch|p2a: Toxapex|Toxapex, L82, F|216/216
|move|p1a: Hypno|Focus Blast|p2a: Toxapex
|-resisted|p2a: Toxapex
|-damage|p2a: Toxapex|185/216
|-unboost|p2a: Toxapex|spd|1
|
|-heal|p1a: Hypno|200/315|[from] item: Leftovers
|-heal|p2a: Toxapex|198/216|[from] item: Leftovers
|upkeep
|turn|16
|
|t:|1772752650
|switch|p2a: Iron Jugulis|Iron Jugulis, L77|255/271 tox
|move|p1a: Hypno|Toxic|p2a: Iron Jugulis
|-fail|p2a: Iron Jugulis|tox
|
|-heal|p1a: Hypno|219/315|[from] item: Leftovers
|-damage|p2a: Iron Jugulis|239/271 tox|[from] psn
|upkeep
|turn|17
|
|t:|1772752656
|move|p2a: Iron Jugulis|Hurricane|p1a: Hypno|[miss]
|-miss|p2a: Iron Jugulis|p1a: Hypno
|move|p1a: Hypno|Focus Blast|p2a: Iron Jugulis
|-damage|p2a: Iron Jugulis|142/271 tox
|
|-heal|p1a: Hypno|238/315|[from] item: Leftovers
|-damage|p2a: Iron Jugulis|110/271 tox|[from] psn
|upkeep
|turn|18
|
|t:|1772752665
|move|p2a: Iron Jugulis|Hurricane|p1a: Hypno
|-damage|p1a: Hypno|156/315
|-start|p1a: Hypno|confusion
|-activate|p1a: Hypno|confusion
|move|p1a: Hypno|Focus Blast|p2a: Iron Jugulis
|-damage|p2a: Iron Jugulis|12/271 tox
|
|-heal|p1a: Hypno|175/315|[from] item: Leftovers
|-damage|p2a: Iron Jugulis|0 fnt|[from] psn
|faint|p2a: Iron Jugulis
|-end|p2a: Iron Jugulis|Quark Drive|[silent]
|upkeep
|
|t:|1772752674
|switch|p2a: Ursaring|Ursaring, L84, F|150/288
|turn|19
|
|t:|1772752680
|-end|p1a: Hypno|confusion
|move|p1a: Hypno|Focus Blast|p2a: Ursaring
|-supereffective|p2a: Ursaring
|-damage|p2a: Ursaring|12/288
|move|p2a: Ursaring|Body Slam|p1a: Hypno
|-damage|p1a: Hypno|58/315
|-status|p1a: Hypno|par
|
|-heal|p1a: Hypno|77/315 par|[from] item: Leftovers
|upkeep
|turn|20
|
|t:|1772752688
|move|p2a: Ursaring|Rest|p2a: Ursaring
|-status|p2a: Ursaring|slp|[from] move: Rest
|-heal|p2a: Ursaring|288/288 slp|[silent]
|move|p1a: Hypno|Focus Blast|p2a: Ursaring
|-supereffective|p2a: Ursaring
|-damage|p2a: Ursaring|144/288 slp
|
|-heal|p1a: Hypno|96/315 par|[from] item: Leftovers
|upkeep
|turn|21
|
|t:|1772752696
|cant|p2a: Ursaring|slp
|move|p2a: Ursaring|Sleep Talk|p2a: Ursaring
|move|p2a: Ursaring|Rest||[from] move: Sleep Talk|[still]
|-fail|p2a: Ursaring
|move|p1a: Hypno|Focus Blast|p2a: Ursaring
|-supereffective|p2a: Ursaring
|-damage|p2a: Ursaring|22/288 slp
|
|-heal|p1a: Hypno|115/315 par|[from] item: Leftovers
|upkeep
|turn|22
|
|t:|1772752714
|cant|p2a: Ursaring|slp
|move|p2a: Ursaring|Sleep Talk|p2a: Ursaring
|move|p2a: Ursaring|Earthquake|p1a: Hypno|[from] move: Sleep Talk
|-damage|p1a: Hypno|0 fnt
|faint|p1a: Hypno
|
|upkeep
|
|t:|1772752728
|switch|p1a: Heracross|Heracross, L80, M|259/259
|-damage|p1a: Heracross|227/259|[from] Spikes
|turn|23
|inactive|kahdhsjsj has 120 seconds left.
|inactive|Dkjdbsjsjdjs has 120 seconds left.
|
|t:|1772752776
|move|p1a: Heracross|Megahorn|p2a: Ursaring
|-crit|p2a: Ursaring
|-damage|p2a: Ursaring|0 fnt
|faint|p2a: Ursaring
|-ability|p1a: Heracross|Moxie|boost
|-boost|p1a: Heracross|atk|1
|
|upkeep
|
|t:|1772752781
|switch|p2a: Toxapex|Toxapex, L82, F|216/216
|turn|24
|
|t:|1772752785
|move|p1a: Heracross|Megahorn|p2a: Toxapex
|-resisted|p2a: Toxapex
|-damage|p2a: Toxapex|111/216
|move|p2a: Toxapex|Liquidation|p1a: Heracross
|-damage|p1a: Heracross|154/259
|
|-heal|p2a: Toxapex|124/216|[from] item: Leftovers
|upkeep
|turn|25
|inactive|Dkjdbsjsjdjs has 120 seconds left.
|
|t:|1772752802
|move|p1a: Heracross|Megahorn|p2a: Toxapex
|-resisted|p2a: Toxapex
|-damage|p2a: Toxapex|25/216
|move|p2a: Toxapex|Liquidation|p1a: Heracross
|-damage|p1a: Heracross|84/259
|
|-heal|p2a: Toxapex|38/216|[from] item: Leftovers
|upkeep
|turn|26
|
|t:|1772752812
|switch|p2a: Kingdra|Kingdra, L84, F|2/263 par
|move|p1a: Heracross|Megahorn|p2a: Kingdra
|-damage|p2a: Kingdra|0 fnt
|faint|p2a: Kingdra
|-ability|p1a: Heracross|Moxie|boost
|-boost|p1a: Heracross|atk|1
|
|upkeep
|
|t:|1772752820
|switch|p2a: Toxapex|Toxapex, L82, F|110/216
|turn|27
|
|t:|1772752823
|-terastallize|p2a: Toxapex|Steel
|move|p1a: Heracross|Megahorn|p2a: Toxapex
|-resisted|p2a: Toxapex
|-damage|p2a: Toxapex|0 fnt
|faint|p2a: Toxapex
|-ability|p1a: Heracross|Moxie|boost
|-boost|p1a: Heracross|atk|1
|
|upkeep
|inactive|Dkjdbsjsjdjs has 120 seconds left.
|
|t:|1772752832
|switch|p2a: Ting-Lu|Ting-Lu, L78|347/370 tox
|-ability|p2a: Ting-Lu|Vessel of Ruin
|turn|28
|
|t:|1772752835
|move|p1a: Heracross|Megahorn|p2a: Ting-Lu
|-supereffective|p2a: Ting-Lu
|-damage|p2a: Ting-Lu|0 fnt
|faint|p2a: Ting-Lu
|-ability|p1a: Heracross|Moxie|boost
|-boost|p1a: Heracross|atk|1
|
|upkeep
|
|t:|1772752837
|switch|p2a: Glastrier|Glastrier, L86|136/311
|turn|29
|
|t:|1772752840
|move|p1a: Heracross|Megahorn|p2a: Glastrier
|-damage|p2a: Glastrier|0 fnt
|faint|p2a: Glastrier
|
|win|kahdhsjsj
|raw|kahdhsjsj's rating: 1000 &rarr; <strong>1040</strong><br />(+40 for winning)
|raw|Dkjdbsjsjdjs's rating: 1000 &rarr; <strong>1000</strong><br />(+0 for losing)
|l|☆Dkjdbsjsjdjs
|player|p2|
|l|☆kahdhsjsj
|player|p1|
